3162 4920
339 291 392 376 82
764 313 982 385 'luiturum

193 489 222 540 λ.
237 487 265 540 c.
281 489 330 542 553
340 459 502 558 άσφαλοιῗς
517 460 716 559 άγοινέζοιντο
731 472 788 548 τάς
810 465 945 550 ἇσπάλας
958 461 1218 561 προβεβλημένοι,
1239 479 1278 545 τά
1301 451 1336 546 δέ
1350 474 1420 547 ὄπι-

236 559 257 612 1·
267 559 327 630 Ιθλ
341 571 452 637 resim
470 575 513 661 τῷ
532 568 673 658 ἀλλήλοις
690 567 916 654 α’ντιτετάχθαι
931 573 1201 660 ιλιαφολάττοιντο.

421 669 463 736 θ’.
500 668 598 738 Ἀλλά
618 671 677 756 γάρ
703 673 747 759 τῷ
771 673 903 757 Ναρσῇ,
940 670 1039 757 τάχης
1063 699 1097 738 τε
1117 675 1221 751 αι’σιόις
1238 679 1421 766 κορὴσοντι,

339 767 395 837 κατ’
404 770 439 835 τό
456 773 610 856 πρακτέον
624 763 739 854 άριστα
752 775 1016 860 μηχανησαμένη,
1039 769 1163 838 ἅπαντα
1177 778 1209 852 ἐς
1224 779 1293 842 ιλεόν
1310 773 1421 864 άπέβη.

307 865 447 953 »ἐπειδὴ
474 867 532 955 γάρ
560 866 588 932 οἱ
617 867 771 960 βάρβαροι
800 866 857 947 ξάν
879 873 940 955 βοῇ
960 873 1055 958 πολλῇ
1079 869 1135 936 aui
1155 865 1325 964 άλαλαγμρλ
1347 877 1440 963 δρα-5

336 977 425 1050 μαῖαι
444 966 685 1048 έπανελθάντες,
707 967 905 1053 σννέβραξαν
918 975 984 1044 τοῖς
1006 969 1199 1052 Ῥωμαιοις,
1221 965 1336 1038 αάτάια
1355 975 1421 1038 διέ-

336 1089 445 1132 σεισαν
460 1063 534 1141 τούς
550 1061 604 1128 ἐπὶ
620 1066 663 1152 τῷ
679 1063 810 1152 ὀμφαλῷ
826 1065 1047 1152 πρωτοστάτας
1074 1062 1161 1156 άμφέ
1179 1066 1216 1134 τὸ
1227 1071 1351 1153 κένωμα
1368 1072 1422 1135 έσ-

336 1164 491 1240 πεσόντες·
530 1155 617 1227 οὔπα
637 1160 698 1250 γάρ
722 1153 865 1250 παρῆσαν
886 1161 915 1228 οἱ
928 1157 1085 1252 Ἕρουλοι,
1106 1165 1175 1252 ἥτε
1194 1163 1295 1254 ἆρχε),
1317 1172 1422 1234 διατι·

335 1263 439 1344 μοῧσα
456 1259 492 1325 τὸ
509 1259 612 1346 βάθος
633 1263 697 1326 τῶν
715 1263 834 1345 λόχων,
855 1262 911 1328 καὶ
923 1261 1018 1352 φάνον
1032 1258 1068 1328 οὗ
1091 1265 1189 1331 πολὺν
1210 1269 1418 1353 ἐργασαμένη,

335 1362 417 1448 ὑπὲρ
436 1358 510 1437 τοάς
529 1355 684 1447 οάραγοάς
708 1362 870 1447 ἐξηνέχθη.
891 1360 969 1428 ἔνιοι
987 1365 1024 1427 δὲ
1038 1364 1145 1430 αάτῶν
1170 1365 1226 1430 καλ
1243 1369 1459 1452 περαιτέροιιο

337 1461 479 1546 ἐχώρουν
503 1459 548 1537 ὥς
570 1458 606 1524 τὸ
629 1456 842 1550 ρτρατέπειλον
860 1463 925 1526 τῶν
942 1461 1116 1544 Ῥωμαίων
1138 1465 1327 1552 αλρὴσοντες.
1353 1461 1423 1530 τότε

337 1559 411 1646 6ηὸ
437 1561 569 1645 Ναρσῆς
584 1557 766 1642 ἐπικάμψας
784 1559 887 1644 ἠρέμα
911 1559 968 1626 καλ
981 1561 1183 1647 άπομηκάνας
1203 1563 1243 1628 τά
1263 1566 1349 1650 κέρα,
1370 1562 1426 1628 καλ

336 1654 525 1740 ἐπικάμπιον
544 1657 739 1750 έμπροσθάιν
762 1659 776 1743 (
788 1658 832 1733 ὥς
850 1650 888 1722 ἂν
911 1657 942 1723 oi
966 1659 1107 1724 τακτικοί
1128 1656 1334 1749 ὄνομάσαιιν)
1365 1659 1422 1746 την

338 1757 484 1845 φάλαγγα
504 1758 719 1841 καταστήσας,
753 1754 995 1843 παρακελεύεται
1016 1767 1082 1835 τοῖς
1099 1756 1315 1838 ἱπποτοξόταις
1333 1761 1421 1846 έφιέ-

336 1881 389 1921 ναι
413 1853 453 1921 τά
471 1857 547 1942 βέλη
566 1853 758 1942 ἑκατέρωθεν
781 1857 972 1940 έναλλάγιλην
986 1859 1019 1934 ές
1033 1855 1073 1921 τά
1088 1857 1272 1945 μετάφρενα
1285 1862 1349 1923 τῶν
1365 1863 1463 1926 sio-15

335 1952 460 2036 λεμέοον.
489 1953 520 2018 οἱ
543 1956 578 2020 δὲ
601 1953 679 2019 κατά
702 1957 804 2018 ταῦτα
829 1951 943 2042 ῥρδέονς
964 1953 1102 2020 έποιὀυν.
1144 1951 1199 2020 άτε
1222 1953 1281 2044 γάρ
1308 1953 1422 2035 πεζοάς

259 2045 431 2131 nutriatur
454 2052 528 2129 τοάς
541 2051 725 2138 βαρβάρους
743 2055 778 2117 ἐκ
798 2053 861 2116 τῶν
876 2054 980 2118 ἵππιον
995 2052 1259 2138 άπερανὲχυντες,
1286 2050 1423 2118 εάκολοά-

336 2179 414 2218 τατα
431 2147 582 2239 η’δάναντο
596 2151 721 2235 βάλλειν
739 2149 775 2215 τά
795 2149 971 2238 ἀφεστηκὸς
998 2149 1053 2216 καλ
1066 2147 1249 2236 ἦπλωμένον
1264 2153 1320 2218 καί
1333 2151 1423 2219 ttri-

335 2257 432 2338 θέρον
450 2254 507 2316 τοῦ
524 2253 794 2338 έπιπροσθοῦντος.
822 2249 877 2314 καί
891 2241 931 2336 ἦν
948 2245 985 2314 osi
1004 2247 1150 2334 χαλεπὸν,
1168 2246 1267 2334 οἶμαι,
1286 2260 1352 2328 τοῖς
1371 2255 1425 2316 ε’πλ

336 2353 400 2416 τῶν
416 2346 519 2438 ἄκρων
538 2349 682 2426 ἱππόταις
720 2349 763 2413 ’τὰ
788 2352 847 2431 μὲν
867 2347 947 2414 κατά
966 2349 1049 2435 σφᾶς
1065 2353 1158 2435 μέρος
1176 2352 1240 2415 τῶν
1260 2351 1461 2432 teruncium

337 2448 393 2516 καλ
410 2447 636 2536 πλησιαίτατον
658 2447 861 2534 άπερβαένειν
885 2455 950 2524 τοῖς
974 2450 1098 2530 βέλεσι,
1127 2446 1203 2524 τοάς
1229 2451 1264 2514 δὲ
1287 2442 1419 2534 ἇντικρά

339 2549 551 2634 φαινομένους
566 2545 757 2632 τιτρώσκειν.
787 2549 1008 2630 temporum
1025 2549 1191 2631 τοιγαροῦν
1208 2545 1364 2610 πάντοθεν
1380 2539 1420 2608 τά

375 2667 396 2702 ι.
406 2645 530 2700 ὀπίσθια
542 2643 630 2698 διὰτὸ
641 2644 717 2698 Suid.
753 2651 777 2702 5.
786 2647 876 2717 πολλῇ
885 2647 945 2698 add.
960 2663 993 2698 ex
1003 2649 1030 2698 ii
1048 2655 1077 2700 et
1085 2649 1167 2716 lntpr.
1177 2665 1237 2702 cum
1247 2647 1365 2700 elamore
1375 2647 1387 2696 ι’
1389 2667 1422 2700 ιι·

371 2718 456 2789 genti.
467 2719 493 2771 6.
503 2714 641 2768 esuriendi
650 2718 677 2766 tt.
700 2735 738 2770 ιι.
746 2717 911 2785 αἱρήσοντες
919 2717 947 2768 il.
969 2735 1006 2770 ιο.
1017 2715 1052 2768 τά
1072 2721 1139 2789 κέρα
1147 2719 1186 2780 λλ,
1194 2715 1228 2769 τά
1239 2719 1342 2786 κέρατα
1351 2717 1419 2786 vulg.

338 2821 367 2866 et
380 2829 413 2866 ex
426 2821 487 2865 tuto
504 2809 694 2880 confligerent,
716 2811 799 2864 εοιιιλο
817 2811 948 2881 protecti;
969 2821 1044 2882 terga
1057 2827 1121 2866 voro
1139 2821 1231 2866 mutuo
1246 2813 1294 2866 illa
1307 2815 1419 2868 interro

340 2882 571 2952 contrapositione
585 2888 734 2932 tuerentur.

409 2971 434 3023 φ
470 2951 577 3005 Narseti
595 2959 704 3012 nutem,
722 2956 751 3002 et
766 2966 921 3019 prosperam
938 2952 1076 3004 fortunam
1095 2957 1190 3015 nacto,
1221 2951 1324 3024 quique
1345 2951 1420 3023 quoti

340 3025 412 3077 iaetu
427 3029 485 3075 erat
502 3038 570 3091 opus
581 3020 684 3090 optime
701 3037 766 3072 esen
783 3020 877 3084 itsrut,
893 3029 991 3074 eunntu
1008 3022 1143 3074 exanimi
1161 3023 1297 3074 sententia
1313 3039 1420 3075 rucees·

340 3109 409 3148 sere.
445 3093 590 3162 Portqnsnr
614 3091 688 3142 enim
726 3087 775 3142 bar
795 3091 833 3142 ari
854 3091 957 3162 ingenti
977 3093 1093 3144 clamore
1117 3093 1278 3162 ululatuque
1303 3093 1420 3144 excitato

340 3163 501 3216 concitatius
519 3167 677 3230 proruentes
694 3159 828 3228 impetum
845 3159 874 3212 in
890 3163 1022 3222 Romanos
1036 3163 1173 3224 iecerunt,
1189 3161 1331 3214 confestim
1341 3170 1421 3214 ante·

339 3232 465 3301 signuuos
482 3231 572 3284 medio
587 3232 661 3283 inter
677 3228 733 3284 <luo
747 3232 917 3284 cornualooo
929 3241 1031 3285 stantes
1046 3239 1249 3300 perrumpentes
1266 3234 1296 3286 in
1306 3249 1421 3284 vacuum

341 3303 421 3356 illum
434 3301 568 3355 exercitus
592 3301 683 3352 iocum
703 3301 856 3365 irruerunt3
879 3317 968 3372 neque
992 3303 1066 3356 enim
1087 3300 1175 3352 adhuc
1190 3302 1286 3354 Heruli
1302 3301 1422 3356 adsene-

339 3381 414 3424 rant:
434 3381 462 3426 et
478 3375 565 3441 prima
587 3370 700 3442 quidem
722 3369 858 3422 barbarici
884 3372 1019 3426 exereitus
1035 3388 1112 3441 pars,
1138 3372 1271 3438 perfracta
1293 3372 1422 3426 ordinum

339 3443 426 3506 serie,
451 3452 480 3496 et
496 3441 578 3494 eaesie
596 3459 652 3493 non
667 3457 763 3510 magna
780 3439 871 3504 edim,
893 3442 923 3493 in
945 3451 1110 3510 postremum
1127 3442 1196 3494 aciei
1216 3459 1314 3514 sgnren
1330 3441 1422 3496 ‹lelsts

340 3521 397 3578 est,
423 3512 548 3566 nonnulli
564 3528 628 3564 vero
645 3511 729 3562 etism
747 3510 861 3563 ulterior
872 3512 1023 3580 progressi,
1040 3519 1170 3582 tanquam
1184 3514 1366 3567 Romanorum
1375 3529 1422 3565 οι-

341 3592 397 3636 atra
412 3600 441 3636 cs
462 3583 524 3635 turi.
562 3582 633 3634 Tum
656 3579 753 3633 Nartes
774 3579 881 3634 inflexis
903 3581 1005 3633 sensim
1025 3581 1213 3653 porrectisque
1229 3583 1298 3648 elis,
1318 3585 1422 3636 inversa

342 3656 413 3708 soiei
446 3661 523 3706 route
536 3649 626 3724 (qaod
640 3653 705 3704 artis
721 3651 797 3704 illins
809 3651 891 3721 periti
908 3651 1087 3722 ἐπικάμπιον
1110 3652 1295 3724 &poeno-ilus
1307 3667 1421 3704 rocave-

343 3725 412 3795 rint)
434 3720 574 3794 eqnitibus
597 3721 743 3792 sagittariir
769 3719 895 3784 mandat,
921 3731 953 3775 ut
978 3722 1108 3792 utrinque
1125 3723 1234 3793 sagittas
1252 3725 1281 3774 in
1299 3720 1422 3774 hortinas

343 3801 417 3864 terga
437 3802 532 3847 mutuo
554 3791 694 3858 emittant3
721 3791 797 3860 qnod
822 3801 850 3844 et
870 3793 922 3874 ἱροί
941 3791 1022 3845 facile
1040 3793 1218 3862 praestabant.
1260 3791 1327 3844 Cum
1347 3791 1423 3842 enim

345 3861 453 3918 barbari
468 3861 574 3934 pedites
591 3870 696 3925 emeat,
711 3861 764 3928 ipsi
780 3877 813 3912 ex
824 3877 903 3932 equis
917 3862 1047 3916 editiores
1065 3865 1212 3916 existentes
1225 3860 1352 3912 facillime
1369 3874 1422 3926 po·

341 3941 433 3989 terant
446 3935 529 3988 ferire
544 3932 675 3984 distantes
697 3945 894 4001 expansosque,
908 3949 944 3984 no
964 3951 999 3986 ue
1014 3935 1054 3986 eis
1064 3936 1186 3986 anterius
1200 3931 1309 3982 oilieero
1325 3929 1421 3984 rolen-

341 4011 390 4058 tes.
410 4005 508 4076 Neque
520 4011 579 4054 erat
593 3999 707 4052 difficile
721 3998 839 4052 arbitror
857 3951 998 4121 εφολολλιιι
1017 4001 1051 4054 αιλ
1067 4003 1248 4054 extremiutes
1265 4000 1422 4054 constitutis

341 4077 482 4144 proxim0s
499 4071 554 4124 sibi
572 4078 601 4122 et
626 4085 706 4139 quam
722 4069 839 4121 maxime
863 4071 968 4123 seinos
991 4069 1082 4124 hostes
1099 4071 1202 4138 sagittis
1224 4071 1421 4137 transmitteret

342 4161 390 4198 eor
408 4161 472 4198 vero
495 4141 544 4211 qui
568 4156 601 4192 ex
621 4137 732 4192 adverso
753 4137 991 4207 conspiciebantur
1012 4141 1161 4192 vulnerare.
1204 4139 1422 4196 Traiieiebsntnr

344 4213 438 4284 inque
452 4210 563 4268 Francis
576 4207 651 4264 omni
668 4223 703 4266 rr
719 4215 797 4279 psrte
813 4216 897 4278 terga,
914 4209 1040 4267 Romanis
1055 4207 1168 4281 quiden
1184 4211 1232 4282 qni
1248 4210 1283 4265 ssl
1297 4209 1422 4268 sleatsnns
