3162 4956
575 314 812 382 palaemo,
1205 313 1220 370 l
1235 311 1250 369 l

186 479 347 566 αφήγητα,
366 465 513 555 ατί-μόνον
525 463 587 534 sind
605 462 729 554 ἀνδρῶν
739 465 787 533 ἔτι
796 469 946 550 βιούντων
953 461 1058 548 τυχὸν,
1071 467 1190 546 μᾶλλον
1199 467 1258 546 μὲν

187 567 307 639 οὖνκαὶ
319 575 380 640 τοῖν
395 564 456 655 ήδη
473 561 699 650 ἀποιχομένων,
720 563 776 628 καί
789 561 928 630 οὐδενότι
942 565 1073 648 παρήσω
1090 567 1153 628 τῶν
1164 561 1257 644 λόγον

188 671 293 749 ἀξίων.
338 669 502 754 Τοιγάρτοι
517 664 614 730 εἶναι’
636 660 680 746 μή
697 662 845 746 πρότερον
860 663 892 737 ὂς
914 659 950 727 τὸ
969 659 1156 748 ξυγγράφειν
1179 682 1258 745 προ-

186 761 346 854 effrenari
372 763 469 848 μόνον
492 765 525 842 ἐξ
553 756 625 827 ὅτου
643 755 808 834 Ἰονστῖνος
831 757 847 822 ὅ
872 761 939 834 νέος
962 759 1017 842 τήν
1042 758 1259 843 αὐτοκράτορα

167 866 342 950 ὄμετήλθεν
367 859 492 947 ἀρχήν,
510 857 733 925 Ἰοοστινιανοῦ
756 853 954 940 τεθνηκότος,
994 858 1061 920 ἀλλ’
1086 855 1180 938 ἔγωγε
1203 855 1291 920 zoili

187 962 243 1030 ε’πί
258 960 334 1038 τούς
355 955 499 1046 ἀνωτέρω
519 957 657 1043 χρόνους
676 950 939 1041 οἷναδραμοῦμαι,
969 957 1023 1019 καί
1049 951 1150 1020 ὁπόσα
1171 945 1260 1020 οὕτω

189 1057 285 1150 ἑτέρῳ
298 1083 341 1150 τρι
359 1059 584 1142 ἐκπεπόνηται,
602 1059 703 1120 ταῦτα
726 1055 762 1118 δὲ
776 1055 890 1118 οἰκεῖον
907 1051 1077 1136 ποιήσομαι
1092 1051 1191 1138 ἔργον.
1219 1049 1260 1116 cci

186 1157 315 1244 μὲνγὰρ
329 1167 459 1224 πλεῖστοι
474 1151 705 1230 τοῖνιιατατούς
717 1153 945 1220 Ἰοοοτινιανοῦ
953 1150 1090 1236 χρόνους
1102 1149 1263 1234 γεγενημέ-

187 1283 259 1339 νων,
281 1255 388 1341 orror}
400 1257 572 1344 Προκοπίιρ
587 1255 629 1342 τῷ
643 1253 755 1339 ῥήτορι
767 1253 810 1339 τῷ
824 1253 1064 1338 Καισαρείαθεν
1077 1252 1109 1331 ἐς
1127 1245 1162 1313 τὸ
1175 1248 1263 1332 daps.

145 1360 240 1440 τοβὲς
251 1358 495 1441 ἀναγέγραπται,
516 1354 659 1439 παριτέον
675 1353 777 1416 ε’κεῖνα
791 1349 905 1434 ἔμοιγε,
923 1344 979 1414 ir'rc
996 1347 1035 1435 δή
1055 1342 1264 1430 ἀποχρώντως

186 1457 344 1540 εἰρημένα·
366 1451 407 1516 τὰ
422 1453 457 1516 ol
479 1457 547 1533 μετ’
564 1451 696 1530 ἐκεῖνον,
725 1445 768 1526 ὥς
788 1443 914 1530 citiore,
935 1448 1091 1526 διεξιτέον.
1110 1443 1317 1531 nouolutum

185 1549 322 1634 μὲνγὰρ
340 1549 490 1638 αὕτῷτῆς
507 1546 644 1635 ἱστορίας
666 1542 834 1633 Ἀρκοὶδιος
858 1543 1009 1628 α’ποβιούς
1035 1539 1187 1628 ἐποιήθη,
1208 1538 1319 1606 millo

186 1651 232 1735 τῷ
258 1649 375 1712 ἐκείνου
403 1647 494 1712 παιδί
523 1645 680 1733 Θεοδοσίρι
703 1640 927 1730 Ἰοδιγέρδηςὸ
950 1647 1086 1729 Περσῶν
1111 1636 1262 1725 dunelmie

187 1743 330 1831 κηδεμών
345 1747 559 1832 γεγενημένος,
579 1744 617 1810 roi
636 1769 671 1810 τε
697 1741 888 1832 Οίαραράνη
908 1740 963 1806 καί
985 1741 1112 1830 Περόζη
1138 1743 1261 1817 ξυνενε-

146 1846 316 1927 rip-livre,
336 1839 489 1921 acidane
504 1844 659 1928 Καβοὶδης
675 1840 825 1926 βασιλεύς
842 1839 998 1918 καταστὰς
1016 1839 1179 1932 α’φήρηται
1200 1836 1258 1922 τήν

184 1943 284 2026 ἀρχήν
303 1944 358 2008 καί
374 1939 440 2008 εἶτα
456 1943 574 2008 θᾶττον
599 1941 700 2027 αὐτήν
722 1943 944 2024 ἀνεκομίσατο,
974 1935 1056 2018 ὅπως
1093 1965 1126 2006 τε
1139 1931 1291 2021 ”Aptuca

184 2036 250 2125 ήλιο
276 2039 354 2127 πρὸς
375 2037 497 2124 ositeri,
521 2041 733 2106 Ἀναστασίοο
750 2037 923 2121 Ῥωμαίων
948 2038 1183 2122 βασιλεύοντος,
1210 2041 1266 2103 καί

187 2135 278 2214 ὅσους
297 2132 390 2214 αὖθις
415 2142 484 2220 μετ’
505 2141 619 2204 ἐκεῖνον
635 2133 801 2214 ’loconiaco
824 2135 841 2203 ὅ
859 2137 1033 2223 πρεσβύτης
1056 2141 1090 2204 ἕν
1113 2137 1192 2223 τῷδε
1219 2139 1265 2223 τῷ

187 2234 267 2324 ἔργῳ
294 2239 453 2314 διεδέξατο
490 2234 613 2311 πόνους.
649 2231 720 2319 ἑξῆς
748 2237 783 2300 δὲ
810 2235 883 2312 τούς
909 2232 1087 2321 Περσικοής
1110 2237 1265 2314 πολέμους

144 2333 301 2405 ποὸπόσοι
315 2332 353 2416 δή
369 2332 448 2416 πρός
461 2358 494 2398 τε
508 2334 663 2416 Καβάδην
673 2337 726 2396 καί
735 2332 879 2418 Χοσρόην
890 2333 975 2420 ἀμφὶ
986 2333 1104 2420 Συρίαν
1121 2331 1175 2394 καί
1187 2329 1267 2417 Ἀρ-

260 2451 286 2489 ο.
305 2427 358 2484 οὖν
374 2432 469 2484 addidi
489 2449 523 2483 ex
540 2434 569 2482 ll.
631 2433 655 2500 4.
673 2430 829 2490 Ἰοοστῐνος
846 2433 861 2484 ὁ
880 2435 959 2494 νέος,ι
977 2431 1267 2500 lntpr.1oso·nasipsr

260 2515 287 2556 ct
303 2502 407 2556 iunior.
419 2503 491 2554 Fert.
507 2489 591 2558 οὗτος
605 2501 619 2554 d
635 2502 705 2558 νίας.
759 2517 784 2568 γ.
795 2499 878 2572 ἑτέρω
892 2515 921 2553 τε
937 2505 965 2554 ll.
1016 2521 1041 2571 9.
1055 2503 1091 2572 τῷ
1106 2509 1169 2552 antu
1182 2503 1265 2552 Καισ.

257 2571 319 2624 add.
333 2589 366 2624 ex
376 2575 406 2624 R.
464 2573 503 2625 rs.
521 2573 584 2624 Post
599 2569 739 2660 θεοίοσίρν
755 2569 815 2622 add.
830 2573 913 2641 lntpr.
929 2585 956 2625 ee
968 2573 1077 2643 imperii
1086 2571 1268 2643 procuratio-

256 2661 327 2706 nem,
345 2641 403 2700 scil.
420 2643 468 2694 scol
487 2641 520 2711 τῇ
535 2642 670 2709 βασιλεία.
729 2639 895 2710 Ισδιγίρδης
909 2645 948 2706 lb,
966 2641 1067 2712 Ἰσίργ.
1081 2643 1151 2710 vulg.
1224 2645 1264 2708 ιή.

258 2709 427 2784 Οὐαραρήνγ
448 2711 490 2776 Ν,
509 2709 674 2783 Οιίαραβιίνγ
692 2713 731 2776 lt,
752 2709 883 2783 Οιίαριίνη
899 2715 970 2784 vulg.
1044 2713 1082 2766 16.
1101 2707 1220 2783 Ζήμιδον
1234 2715 1264 2765 R.

188 2807 274 2879 sequi.
310 2808 457 2876 Persequar
483 2813 576 2860 autem
598 2821 779 2878 quaecunque
802 2805 990 2860 memorabilia
1021 2814 1076 2859 tam
1100 2825 1115 2860 a
1140 2806 1265 2860 Romanis

188 2895 270 2951 quam
285 2877 407 2930 barbaris
420 2876 543 2944 plurimlr
558 2875 609 2928 hac
623 2883 783 2945 tempestate
800 2885 866 2928 sunt
881 2885 965 2946 gesta,
982 2894 1038 2930 uon
1051 2893 1146 2928 eorum
1159 2884 1266 2928 tantum

189 2951 237 3018 qui
250 2945 339 2998 adbuc
351 2947 464 3000 fortasse
481 2947 585 3008 vivunt,
604 2947 686 2998 immo
703 2963 767 2999 vero
782 2947 866 3016 magis
883 2948 963 2998 etiam
979 2963 1070 3000 eorum
1083 2947 1131 3017 qui
1145 2947 1200 2998 iam
1215 2945 1266 3000 de-

190 3025 339 3083 cesserunt;
359 3015 486 3088 nihilque
505 3033 538 3069 ex
555 3017 606 3076 iis,
623 3034 695 3086 quae
709 3025 860 3068 memoratu
885 3015 965 3085 digua
984 3015 1165 3072 videbuntur.
1183 3019 1265 3070 omit-

188 3097 255 3144 tam.
284 3087 419 3156 Quocirca
433 3087 542 3140 tametsi
557 3103 613 3138 non
629 3088 704 3154 prius
720 3086 755 3138 ad
768 3085 939 3138 scribendam
949 3085 1090 3140 historiam
1099 3102 1141 3138 me
1152 3087 1266 3150 contult,

189 3175 270 3228 quam
280 3175 314 3210 ex
324 3175 378 3228 quo
387 3165 508 3226 tempore
519 3157 638 3208 lustinus
651 3158 742 3208 iunior
753 3155 786 3207 ad
796 3154 941 3227 imperium
956 3155 1080 3216 accessit,
1099 3163 1205 3208 mortuo
1218 3157 1265 3208 Iu·

189 3229 329 3280 stiuiano:
349 3225 383 3278 ad
399 3228 539 3294 superiora
557 3234 647 3278 tamen
658 3227 739 3278 etiam
750 3233 873 3292 tempora
886 3243 1031 3292 recurram
1051 3232 1266 3296 etquaecunque

191 3297 332 3349 anemine
357 3293 446 3352 adbuc
466 3297 522 3348 ulio
538 3303 602 3346 suut
617 3294 764 3358 elaborata,
796 3295 865 3346 mibi
885 3294 1045 3358 vindicabo,
1072 3295 1267 3382 propriumque

191 3381 258 3434 opus
268 3367 390 3418 efficiam.
412 3367 543 3436 Pleraque
554 3365 625 3416 enim
635 3365 778 3418 Iustiniani
791 3365 957 3434 temporibus
968 3374 1041 3435 gesta
1055 3381 1114 3416 eum
1122 3367 1266 3435 Procopius

192 3434 370 3489 Caesariensis
396 3435 488 3490 rbetor
513 3441 637 3487 securata
656 3436 859 3504 conscripserit,
887 3434 954 3486 mibi
971 3435 1168 3505 praetereunda
1190 3436 1266 3488 iudi·

191 3503 266 3564 cavi,
284 3513 314 3554 ut
335 3505 413 3572 plene
433 3508 498 3559 satis
522 3511 652 3570 tractam
670 3513 738 3574 quae
759 3523 822 3558 vero
845 3513 906 3574 post
924 3507 1003 3557 illum
1022 3505 1192 3570 acciderunt,
1216 3524 1266 3576 pro

190 3571 266 3624 virili
283 3576 477 3644 persequenda.
515 3576 599 3627 Orsus
617 3574 690 3626 euim
708 3583 748 3627 est
764 3575 811 3628 ille
827 3573 965 3626 historiam
981 3592 1058 3628 suam
1076 3595 1092 3628 a
1111 3585 1198 3628 morte
1214 3575 1267 3628 Ατ-

189 3641 278 3704 cadii‚
304 3650 388 3712 utque
407 3645 464 3698 filio
481 3647 556 3700 illius
578 3643 734 3698 Theodosio
765 3643 914 3703 lrdicerdes
945 3652 1019 3698 tutor
1047 3645 1129 3700 luerit
1154 3647 1266 3697 institu-

189 3721 249 3774 tus,
274 3721 303 3764 et
320 3712 354 3764 ab
377 3714 410 3766 iis
428 3733 497 3787 quae
514 3715 669 3768 Veraranae
687 3723 716 3768 et
732 3717 845 3768 Pcrozae
865 3715 1035 3780 acciderunt,
1065 3727 1092 3769 ct
1110 3731 1164 3788 quo
1184 3724 1264 3786 pacto
1379 3737 1383 3748 ·

189 3781 316 3836 Cabades
338 3799 385 3834 rex
410 3795 512 3838 creatus
532 3803 614 3856 regno
633 3793 730 3838 exutus
753 3785 838 3838 luerit
857 3785 984 3858 idemque
1007 3796 1100 3856 postea
1122 3802 1266 3856 recupera-

189 3853 240 3916 rit,
268 3861 355 3924 utque
377 3853 499 3908 Amidam
517 3857 568 3924 ipsi
588 3856 729 3908 Anastasio
745 3857 924 3909 Romanorum
942 3859 997 3928 regi
1015 3856 1159 3926 eripuerit;
1178 3873 1266 3928 quan-

189 3931 231 3974 tos
256 3941 348 3976 rursus
370 3931 435 3994 post
455 3923 527 3976 bunc
544 3927 665 3978 lustinus
684 3925 775 3977 senior
795 3925 859 3979 bule
881 3930 955 3998 operi
971 3927 1078 3979 labores
1094 3923 1268 3994 impenderit.

188 3993 363 4065 Persequitur
373 3993 475 4047 deinde
487 3994 559 4047 bella
571 3996 684 4058 Persica,
703 4004 841 4066 quotquot
855 3997 981 4050 silversus
993 3993 1128 4048 Cabadcm
1144 4003 1170 4045 ot
1179 3993 1267 4044 Chos-

191 4068 264 4114 roem
283 4065 352 4117 eirca
372 4065 477 4132 Syriam
494 4065 701 4134 Arineniamque
731 4075 758 4118 et
778 4085 827 4136 per
845 4067 974 4119 Lazarum
1000 4064 1115 4116 confinis
1137 4063 1268 4115 Iustinia-

191 4147 241 4184 uur
267 4133 445 4188 Romanorum
469 4137 622 4208 imperator
648 4135 736 4206 gessit
773 4137 847 4190 llaec
867 4141 956 4190 omnia
982 4153 997 4188 e
1018 4135 1140 4202 Procopii
1159 4135 1265 4204 scriptis

194 4205 292 4270 optime
318 4205 491 4275 ornareris,
520 4215 549 4260 ct
573 4205 694 4260 Gelimer
715 4205 881 4269 Vendaluur,
907 4204 1149 4276 carthaginemque
1172 4203 1266 4258 urbem
