<?xml version="1.0" encoding="UTF-8"?>
<!DOCTYPE html PUBLIC "-//W3C//DTD XHTML 1.0 Transitional//EN"
    "http://www.w3.org/TR/xhtml1/DTD/xhtml1-transitional.dtd">
<html xmlns="http://www.w3.org/1999/xhtml" xml:lang="en" lang="en">
 <head>
  <title>
</title>
<meta http-equiv="Content-Type" content="text/html;charset=utf-8" />
  <meta name='ocr-system' content='tesseract 3.04.00' />
  <meta name='ocr-capabilities' content='ocr_page ocr_carea ocr_par ocr_line ocrx_word'/>
</head>
<body>
  <div class='ocr_page' id='page_1' title='image "agathiaemyrinae01niebgoog_0016.png"; bbox 0 0 3162 4956; ppageno 0'>
   <div class='ocr_carea' id='block_1_1' title="bbox 582 307 1260 376">
    <p class='ocr_par' dir='ltr' id='par_1_1' title="bbox 582 307 1260 376">
     <span class='ocr_line' id='line_1_1' title="bbox 582 307 1260 376; baseline -0.006 0"><span class='ocrx_word' id='word_1_1' title='bbox 582 307 816 376; x_wconf 71' lang='lat' dir='ltr'>PRAEFATIO.</span> <span class='ocrx_word' id='word_1_2' title='bbox 1218 313 1260 372; x_wconf 78' lang='lat' dir='ltr'>xl</span> 
     </span>
    </p>
   </div>
   <div class='ocr_carea' id='block_1_2' title="bbox 191 459 1262 944">
    <p class='ocr_par' dir='ltr' id='par_1_2' title="bbox 191 459 1262 944">
     <span class='ocr_line' id='line_1_2' title="bbox 195 459 1261 536; baseline -0.003 -19"><span class='ocrx_word' id='word_1_3' title='bbox 195 461 265 517; x_wconf 86' lang='lat' dir='ltr'>tbiar</span> <span class='ocrx_word' id='word_1_4' title='bbox 281 467 390 528; x_wconf 85' lang='lat' dir='ltr'>actem,</span> <span class='ocrx_word' id='word_1_5' title='bbox 407 469 489 536; x_wconf 86' lang='lat' dir='ltr'>atque</span> <span class='ocrx_word' id='word_1_6' title='bbox 507 463 567 533; x_wconf 82' lang='lat' dir='ltr'>ipae</span> <span class='ocrx_word' id='word_1_7' title='bbox 583 463 735 533; x_wconf 68' lang='lat' dir='ltr'>Prorogatur,</span> <span class='ocrx_word' id='word_1_8' title='bbox 752 464 831 534; x_wconf 87' lang='lat' dir='ltr'>longe</span> <span class='ocrx_word' id='word_1_9' title='bbox 847 463 959 534; x_wconf 82' lang='lat' dir='ltr'>proplua</span> <span class='ocrx_word' id='word_1_10' title='bbox 977 459 1011 516; x_wconf 87' lang='lat' dir='ltr'>ad</span> <span class='ocrx_word' id='word_1_11' title='bbox 1029 459 1167 516; x_wconf 73' lang='lat' dir='ltr'>interioria</span> <span class='ocrx_word' id='word_1_12' title='bbox 1186 461 1261 516; x_wconf 84' lang='lat' dir='ltr'>illlua</span> 
     </span>
     <span class='ocr_line' id='line_1_3' title="bbox 195 561 1262 638; baseline -0.001 -21"><span class='ocrx_word' id='word_1_13' title='bbox 195 581 277 636; x_wconf 87' lang='lat' dir='ltr'>quam</span> <span class='ocrx_word' id='word_1_14' title='bbox 300 565 333 620; x_wconf 84' lang='lat' dir='ltr'>acl</span> <span class='ocrx_word' id='word_1_15' title='bbox 350 565 450 638; x_wconf 85' lang='lat' dir='ltr'>probae</span> <span class='ocrx_word' id='word_1_16' title='bbox 467 563 563 620; x_wconf 70' lang='lat' dir='ltr'>amaea</span> <span class='ocrx_word' id='word_1_17' title='bbox 587 567 729 636; x_wconf 84' lang='lat' dir='ltr'>acrlptorea</span> <span class='ocrx_word' id='word_1_18' title='bbox 750 563 888 620; x_wconf 77' lang='lat' dir='ltr'>recedent.</span> <span class='ocrx_word' id='word_1_19' title='bbox 924 563 978 618; x_wconf 84' lang='lat' dir='ltr'>Sed</span> <span class='ocrx_word' id='word_1_20' title='bbox 995 561 1042 615; x_wconf 91' lang='lat' dir='ltr'>illa</span> <span class='ocrx_word' id='word_1_21' title='bbox 1065 581 1115 629; x_wconf 87' lang='lat' dir='ltr'>rea,</span> <span class='ocrx_word' id='word_1_22' title='bbox 1134 571 1164 616; x_wconf 89' lang='lat' dir='ltr'>ut</span> <span class='ocrx_word' id='word_1_23' title='bbox 1180 563 1262 634; x_wconf 83' lang='lat' dir='ltr'>plura</span> 
     </span>
     <span class='ocr_line' id='line_1_4' title="bbox 192 663 1259 738; baseline -0.002 -20"><span class='ocrx_word' id='word_1_24' title='bbox 192 666 248 719; x_wconf 88' lang='lat' dir='ltr'>alla</span> <span class='ocrx_word' id='word_1_25' title='bbox 269 683 340 738; x_wconf 81' lang='lat' dir='ltr'>qnae</span> <span class='ocrx_word' id='word_1_26' title='bbox 362 670 391 722; x_wconf 87' lang='lat' dir='ltr'>lu</span> <span class='ocrx_word' id='word_1_27' title='bbox 409 669 519 724; x_wconf 85' lang='lat' dir='ltr'>remmia</span> <span class='ocrx_word' id='word_1_28' title='bbox 537 667 648 724; x_wconf 85' lang='lat' dir='ltr'>dicendi</span> <span class='ocrx_word' id='word_1_29' title='bbox 673 666 828 720; x_wconf 86' lang='lat' dir='ltr'>auctoribua</span> <span class='ocrx_word' id='word_1_30' title='bbox 845 683 937 737; x_wconf 88' lang='lat' dir='ltr'>magna</span> <span class='ocrx_word' id='word_1_31' title='bbox 952 675 1029 734; x_wconf 82' lang='lat' dir='ltr'>aaut,</span> <span class='ocrx_word' id='word_1_32' title='bbox 1050 669 1079 720; x_wconf 89' lang='lat' dir='ltr'>in</span> <span class='ocrx_word' id='word_1_33' title='bbox 1102 663 1259 718; x_wconf 84' lang='lat' dir='ltr'>huiuamodi</span> 
     </span>
     <span class='ocr_line' id='line_1_5' title="bbox 191 767 1260 840; baseline -0.004 -18"><span class='ocrx_word' id='word_1_34' title='bbox 191 767 270 824; x_wconf 84' lang='lat' dir='ltr'>libaia</span> <span class='ocrx_word' id='word_1_35' title='bbox 286 769 391 824; x_wconf 86' lang='lat' dir='ltr'>minimi</span> <span class='ocrx_word' id='word_1_36' title='bbox 408 771 536 828; x_wconf 83' lang='lat' dir='ltr'>momenti</span> <span class='ocrx_word' id='word_1_37' title='bbox 553 778 602 824; x_wconf 84' lang='lat' dir='ltr'>eat.</span> <span class='ocrx_word' id='word_1_38' title='bbox 638 771 674 822; x_wconf 86' lang='lat' dir='ltr'>Ut</span> <span class='ocrx_word' id='word_1_39' title='bbox 686 777 778 822; x_wconf 85' lang='lat' dir='ltr'>tamen</span> <span class='ocrx_word' id='word_1_40' title='bbox 792 781 882 824; x_wconf 83' lang='lat' dir='ltr'>veram</span> <span class='ocrx_word' id='word_1_41' title='bbox 900 767 1042 836; x_wconf 56' lang='lat' dir='ltr'>condicam</span> <span class='ocrx_word' id='word_1_42' title='bbox 1061 771 1134 840; x_wconf 77' lang='lat' dir='ltr'>ipre,</span> <span class='ocrx_word' id='word_1_43' title='bbox 1151 767 1260 838; x_wconf 79' lang='lat' dir='ltr'>percpi-</span> 
     </span>
     <span class='ocr_line' id='line_1_6' title="bbox 192 852 1259 944; baseline -0.002 -20"><span class='ocrx_word' id='word_1_44' title='bbox 192 863 301 925; x_wconf 83' lang='lat' dir='ltr'>cnitatla</span> <span class='ocrx_word' id='word_1_45' title='bbox 317 873 419 944; x_wconf 84' lang='lat' dir='ltr'>gratia,</span> <span class='ocrx_word' id='word_1_46' title='bbox 447 852 544 927; x_wconf 77' lang='lat' dir='ltr'>taciem</span> <span class='ocrx_word' id='word_1_47' title='bbox 561 871 663 926; x_wconf 79' lang='lat' dir='ltr'>mumvt</span> <span class='ocrx_word' id='word_1_48' title='bbox 682 867 756 942; x_wconf 85' lang='lat' dir='ltr'>qnod</span> <span class='ocrx_word' id='word_1_49' title='bbox 774 885 791 922; x_wconf 87' lang='lat' dir='ltr'>e</span> <span class='ocrx_word' id='word_1_50' title='bbox 807 869 943 937; x_wconf 74' lang='lat' dir='ltr'>aealptorir</span> <span class='ocrx_word' id='word_1_51' title='bbox 959 869 1148 942; x_wconf 84' lang='lat' dir='ltr'>orthographia</span> <span class='ocrx_word' id='word_1_52' title='bbox 1164 869 1259 939; x_wconf 84' lang='lat' dir='ltr'>proie-</span> 
     </span>
    </p>
   </div>
   <div class='ocr_carea' id='block_1_3' title="bbox 122 973 1260 4119">
    <p class='ocr_par' dir='ltr' id='par_1_3' title="bbox 187 973 1260 1250">
     <span class='ocr_line' id='line_1_7' title="bbox 190 973 1256 1046; baseline -0.002 -20"><span class='ocrx_word' id='word_1_53' title='bbox 190 980 266 1026; x_wconf 84' lang='lat' dir='ltr'>ctum</span> <span class='ocrx_word' id='word_1_54' title='bbox 285 989 344 1028; x_wconf 84' lang='lat' dir='ltr'>erae</span> <span class='ocrx_word' id='word_1_55' title='bbox 360 991 414 1028; x_wconf 89' lang='lat' dir='ltr'>non</span> <span class='ocrx_word' id='word_1_56' title='bbox 432 975 546 1030; x_wconf 86' lang='lat' dir='ltr'>dubito:</span> <span class='ocrx_word' id='word_1_57' title='bbox 565 974 679 1046; x_wconf 69' lang='lat' dir='ltr'>petico</span> <span class='ocrx_word' id='word_1_58' title='bbox 699 973 770 1026; x_wconf 85' lang='lat' dir='ltr'>enim</span> <span class='ocrx_word' id='word_1_59' title='bbox 787 987 894 1040; x_wconf 83' lang='lat' dir='ltr'>acnpca</span> <span class='ocrx_word' id='word_1_60' title='bbox 911 973 941 1024; x_wconf 90' lang='lat' dir='ltr'>in</span> <span class='ocrx_word' id='word_1_61' title='bbox 958 980 1070 1044; x_wconf 78' lang='lat' dir='ltr'>atroque</span> <span class='ocrx_word' id='word_1_62' title='bbox 1089 973 1181 1026; x_wconf 87' lang='lat' dir='ltr'>codice</span> <span class='ocrx_word' id='word_1_63' title='bbox 1200 987 1256 1024; x_wconf 85' lang='lat' dir='ltr'>ono</span> 
     </span>
     <span class='ocr_line' id='line_1_8' title="bbox 189 1069 1260 1147; baseline 0.001 -20"><span class='ocrx_word' id='word_1_64' title='bbox 189 1081 297 1128; x_wconf 84' lang='lat' dir='ltr'>tantum</span> <span class='ocrx_word' id='word_1_65' title='bbox 313 1077 330 1132; x_wconf 76' lang='lat' dir='ltr'>i</span> <span class='ocrx_word' id='word_1_66' title='bbox 345 1075 479 1130; x_wconf 83' lang='lat' dir='ltr'>acribitnr.</span> <span class='ocrx_word' id='word_1_67' title='bbox 513 1075 610 1147; x_wconf 83' lang='lat' dir='ltr'>licque</span> <span class='ocrx_word' id='word_1_68' title='bbox 625 1075 707 1146; x_wconf 85' lang='lat' dir='ltr'>magia</span> <span class='ocrx_word' id='word_1_69' title='bbox 721 1069 895 1128; x_wconf 81' lang='lat' dir='ltr'>indicandum</span> <span class='ocrx_word' id='word_1_70' title='bbox 914 1087 974 1125; x_wconf 83' lang='lat' dir='ltr'>erae</span> <span class='ocrx_word' id='word_1_71' title='bbox 994 1075 1085 1144; x_wconf 77' lang='lat' dir='ltr'>putari</span> <span class='ocrx_word' id='word_1_72' title='bbox 1108 1075 1216 1145; x_wconf 84' lang='lat' dir='ltr'>quotlca</span> <span class='ocrx_word' id='word_1_73' title='bbox 1230 1071 1260 1128; x_wconf 81' lang='lat' dir='ltr'>li</span> 
     </span>
     <span class='ocr_line' id='line_1_9' title="bbox 187 1175 705 1250; baseline 0.014 -21"><span class='ocrx_word' id='word_1_74' title='bbox 187 1175 395 1250; x_wconf 64' lang='lat' dir='ltr'>imelavoacadr</span> <span class='ocrx_word' id='word_1_75' title='bbox 412 1197 446 1233; x_wconf 81' lang='lat' dir='ltr'>ea</span> <span class='ocrx_word' id='word_1_76' title='bbox 465 1177 560 1232; x_wconf 87' lang='lat' dir='ltr'>codiee</span> <span class='ocrx_word' id='word_1_77' title='bbox 575 1176 705 1236; x_wconf 85' lang='lat' dir='ltr'>adderem.</span> 
     </span>
    </p>

    <p class='ocr_par' dir='ltr' id='par_1_4' title="bbox 173 1269 1258 2276">
     <span class='ocr_line' id='line_1_10' title="bbox 253 1269 1258 1353; baseline -0.005 -19"><span class='ocrx_word' id='word_1_78' title='bbox 253 1281 454 1352; x_wconf 73' lang='lat' dir='ltr'><strong>Epigrammata</strong></span> <span class='ocrx_word' id='word_1_79' title='bbox 472 1279 591 1334; x_wconf 75' lang='lat' dir='ltr'><strong>libenter</strong></span> <span class='ocrx_word' id='word_1_80' title='bbox 616 1280 779 1334; x_wconf 78' lang='lat' dir='ltr'>omiaiaaemc</span> <span class='ocrx_word' id='word_1_81' title='bbox 809 1297 893 1353; x_wconf 80' lang='lat' dir='ltr'>qnam</span> <span class='ocrx_word' id='word_1_82' title='bbox 910 1269 1030 1335; x_wconf 79' lang='lat' dir='ltr'>retiueee‘</span> <span class='ocrx_word' id='word_1_83' title='bbox 1054 1293 1163 1331; x_wconf 88' lang='lat' dir='ltr'>ncceaae</span> <span class='ocrx_word' id='word_1_84' title='bbox 1180 1282 1258 1340; x_wconf 80' lang='lat' dir='ltr'>earet,</span> 
     </span>
     <span class='ocr_line' id='line_1_11' title="bbox 183 1377 1258 1456; baseline -0.002 -24"><span class='ocrx_word' id='word_1_85' title='bbox 183 1381 269 1434; x_wconf 88' lang='lat' dir='ltr'>multo</span> <span class='ocrx_word' id='word_1_86' title='bbox 288 1383 369 1453; x_wconf 83' lang='lat' dir='ltr'>plura</span> <span class='ocrx_word' id='word_1_87' title='bbox 387 1389 416 1436; x_wconf 84' lang='lat' dir='ltr'>et</span> <span class='ocrx_word' id='word_1_88' title='bbox 434 1381 614 1436; x_wconf 75' lang='lat' dir='ltr'>emendatiora</span> <span class='ocrx_word' id='word_1_89' title='bbox 638 1383 672 1438; x_wconf 80' lang='lat' dir='ltr'>lia</span> <span class='ocrx_word' id='word_1_90' title='bbox 695 1381 760 1436; x_wconf 86' lang='lat' dir='ltr'>dedi</span> <span class='ocrx_word' id='word_1_91' title='bbox 779 1399 848 1456; x_wconf 85' lang='lat' dir='ltr'>quac</span> <span class='ocrx_word' id='word_1_92' title='bbox 870 1381 1018 1437; x_wconf 72' lang='lat' dir='ltr'>vulcaniae</span> <span class='ocrx_word' id='word_1_93' title='bbox 1042 1397 1076 1434; x_wconf 84' lang='lat' dir='ltr'>ex</span> <span class='ocrx_word' id='word_1_94' title='bbox 1097 1377 1258 1448; x_wconf 76' lang='lat' dir='ltr'>Antbologla</span> 
     </span>
     <span class='ocr_line' id='line_1_12' title="bbox 182 1480 1257 1557; baseline -0.004 -21"><span class='ocrx_word' id='word_1_95' title='bbox 182 1481 322 1536; x_wconf 75' lang='lat' dir='ltr'>Hanudea</span> <span class='ocrx_word' id='word_1_96' title='bbox 337 1483 497 1556; x_wconf 75' lang='lat' dir='ltr'>collegerata</span> <span class='ocrx_word' id='word_1_97' title='bbox 513 1489 608 1538; x_wconf 75' lang='lat' dir='ltr'>maela</span> <span class='ocrx_word' id='word_1_98' title='bbox 625 1485 728 1538; x_wconf 71' lang='lat' dir='ltr'>seilicet</span> <span class='ocrx_word' id='word_1_99' title='bbox 739 1499 810 1557; x_wconf 86' lang='lat' dir='ltr'>qnae</span> <span class='ocrx_word' id='word_1_100' title='bbox 827 1487 857 1538; x_wconf 91' lang='lat' dir='ltr'>ln</span> <span class='ocrx_word' id='word_1_101' title='bbox 865 1484 986 1539; x_wconf 84' lang='lat' dir='ltr'>Palatina</span> <span class='ocrx_word' id='word_1_102' title='bbox 1001 1489 1106 1540; x_wconf 80' lang='lat' dir='ltr'>cerreta</span> <span class='ocrx_word' id='word_1_103' title='bbox 1119 1489 1189 1546; x_wconf 86' lang='lat' dir='ltr'>aaut,</span> <span class='ocrx_word' id='word_1_104' title='bbox 1207 1480 1257 1533; x_wconf 88' lang='lat' dir='ltr'>ad-</span> 
     </span>
     <span class='ocr_line' id='line_1_13' title="bbox 182 1577 1257 1661; baseline -0.003 -23"><span class='ocrx_word' id='word_1_105' title='bbox 182 1583 250 1638; x_wconf 88' lang='lat' dir='ltr'>ditia</span> <span class='ocrx_word' id='word_1_106' title='bbox 275 1585 310 1638; x_wconf 88' lang='lat' dir='ltr'>iia</span> <span class='ocrx_word' id='word_1_107' title='bbox 325 1603 394 1658; x_wconf 76' lang='lat' dir='ltr'>qaae</span> <span class='ocrx_word' id='word_1_108' title='bbox 414 1587 444 1640; x_wconf 88' lang='lat' dir='ltr'>in</span> <span class='ocrx_word' id='word_1_109' title='bbox 459 1588 547 1658; x_wconf 83' lang='lat' dir='ltr'>eapite</span> <span class='ocrx_word' id='word_1_110' title='bbox 567 1589 635 1660; x_wconf 72' lang='grc' dir='ltr'>περὶ</span> <span class='ocrx_word' id='word_1_111' title='bbox 655 1585 776 1642; x_wconf 78' lang='lat' dir='ltr'>eiadrmr</span> <span class='ocrx_word' id='word_1_112' title='bbox 789 1587 940 1654; x_wconf 74' lang='lat' dir='ltr'>cantabant,</span> <span class='ocrx_word' id='word_1_113' title='bbox 960 1604 1015 1661; x_wconf 89' lang='lat' dir='ltr'>quo</span> <span class='ocrx_word' id='word_1_114' title='bbox 1033 1585 1142 1658; x_wconf 81' lang='lat' dir='ltr'>plenior</span> <span class='ocrx_word' id='word_1_115' title='bbox 1158 1577 1257 1636; x_wconf 81' lang='lat' dir='ltr'>babuit</span> 
     </span>
     <span class='ocr_line' id='line_1_14' title="bbox 177 1685 1256 1762; baseline -0.006 -20"><span class='ocrx_word' id='word_1_116' title='bbox 177 1685 313 1742; x_wconf 78' lang='lat' dir='ltr'>Pianndea</span> <span class='ocrx_word' id='word_1_117' title='bbox 329 1705 409 1761; x_wconf 83' lang='lat' dir='ltr'>quarn</span> <span class='ocrx_word' id='word_1_118' title='bbox 423 1707 472 1744; x_wconf 86' lang='lat' dir='ltr'>noa</span> <span class='ocrx_word' id='word_1_119' title='bbox 489 1691 709 1762; x_wconf 84' lang='lat' dir='ltr'>epigrammatum</span> <span class='ocrx_word' id='word_1_120' title='bbox 725 1689 893 1744; x_wconf 66' lang='lat' dir='ltr'>collectionis</span> <span class='ocrx_word' id='word_1_121' title='bbox 911 1689 1071 1760; x_wconf 82' lang='lat' dir='ltr'>exemplem.</span> <span class='ocrx_word' id='word_1_122' title='bbox 1090 1689 1120 1739; x_wconf 88' lang='lat' dir='ltr'>ln</span> <span class='ocrx_word' id='word_1_123' title='bbox 1137 1686 1180 1739; x_wconf 87' lang='lat' dir='ltr'>hia</span> <span class='ocrx_word' id='word_1_124' title='bbox 1199 1685 1256 1738; x_wconf 86' lang='lat' dir='ltr'>eri·-</span> 
     </span>
     <span class='ocr_line' id='line_1_15' title="bbox 178 1789 1254 1868; baseline -0.003 -25"><span class='ocrx_word' id='word_1_125' title='bbox 178 1791 263 1844; x_wconf 87' lang='lat' dir='ltr'>tloum</span> <span class='ocrx_word' id='word_1_126' title='bbox 285 1809 340 1846; x_wconf 87' lang='lat' dir='ltr'>non</span> <span class='ocrx_word' id='word_1_127' title='bbox 361 1795 420 1866; x_wconf 90' lang='lat' dir='ltr'>egi,</span> <span class='ocrx_word' id='word_1_128' title='bbox 439 1795 491 1848; x_wconf 88' lang='lat' dir='ltr'>nial</span> <span class='ocrx_word' id='word_1_129' title='bbox 508 1794 583 1868; x_wconf 88' lang='lat' dir='ltr'>quod</span> <span class='ocrx_word' id='word_1_130' title='bbox 597 1793 739 1865; x_wconf 74' lang='lat' dir='ltr'>perpauci·</span> <span class='ocrx_word' id='word_1_131' title='bbox 756 1793 823 1846; x_wconf 89' lang='lat' dir='ltr'>iocir</span> <span class='ocrx_word' id='word_1_132' title='bbox 841 1801 888 1848; x_wconf 84' lang='lat' dir='ltr'>aut</span> <span class='ocrx_word' id='word_1_133' title='bbox 905 1793 1020 1849; x_wconf 85' lang='lat' dir='ltr'>aliorum</span> <span class='ocrx_word' id='word_1_134' title='bbox 1036 1789 1254 1844; x_wconf 73' lang='lat' dir='ltr'>emendationem</span> 
     </span>
     <span class='ocr_line' id='line_1_16' title="bbox 176 1891 1252 1968; baseline -0.001 -24"><span class='ocrx_word' id='word_1_135' title='bbox 176 1900 225 1946; x_wconf 84' lang='lat' dir='ltr'>aot</span> <span class='ocrx_word' id='word_1_136' title='bbox 241 1891 402 1949; x_wconf 81' lang='lat' dir='ltr'>Planadcam</span> <span class='ocrx_word' id='word_1_137' title='bbox 413 1896 565 1952; x_wconf 85' lang='lat' dir='ltr'>lectionem</span> <span class='ocrx_word' id='word_1_138' title='bbox 580 1898 718 1951; x_wconf 79' lang='lat' dir='ltr'>Palatinae</span> <span class='ocrx_word' id='word_1_139' title='bbox 737 1897 864 1968; x_wconf 82' lang='lat' dir='ltr'>praetuli.</span> <span class='ocrx_word' id='word_1_140' title='bbox 899 1897 1008 1961; x_wconf 84' lang='lat' dir='ltr'>Latina,</span> <span class='ocrx_word' id='word_1_141' title='bbox 1026 1893 1110 1964; x_wconf 86' lang='lat' dir='ltr'>elegia</span> <span class='ocrx_word' id='word_1_142' title='bbox 1127 1907 1252 1962; x_wconf 84' lang='lat' dir='ltr'>campre-</span> 
     </span>
     <span class='ocr_line' id='line_1_17' title="bbox 175 1992 1250 2073; baseline 0 -27"><span class='ocrx_word' id='word_1_143' title='bbox 175 1992 275 2060; x_wconf 89' lang='lat' dir='ltr'>benaa,</span> <span class='ocrx_word' id='word_1_144' title='bbox 306 2015 377 2070; x_wconf 83' lang='lat' dir='ltr'>qnae</span> <span class='ocrx_word' id='word_1_145' title='bbox 400 1999 531 2070; x_wconf 85' lang='lat' dir='ltr'>ioacpbur</span> <span class='ocrx_word' id='word_1_146' title='bbox 550 2000 680 2072; x_wconf 77' lang='lat' dir='ltr'>Scaliger,</span> <span class='ocrx_word' id='word_1_147' title='bbox 705 2009 788 2073; x_wconf 78' lang='lat' dir='ltr'>aeque</span> <span class='ocrx_word' id='word_1_148' title='bbox 808 2003 888 2054; x_wconf 86' lang='lat' dir='ltr'>lanua</span> <span class='ocrx_word' id='word_1_149' title='bbox 910 2000 1001 2054; x_wconf 86' lang='lat' dir='ltr'>Doara</span> <span class='ocrx_word' id='word_1_150' title='bbox 1023 2013 1039 2052; x_wconf 89' lang='lat' dir='ltr'>e</span> <span class='ocrx_word' id='word_1_151' title='bbox 1059 1997 1158 2067; x_wconf 83' lang='lat' dir='ltr'>graecia</span> <span class='ocrx_word' id='word_1_152' title='bbox 1178 1994 1250 2064; x_wconf 75' lang='lat' dir='ltr'>Aga-</span> 
     </span>
     <span class='ocr_line' id='line_1_18' title="bbox 173 2094 1249 2178; baseline 0 -29"><span class='ocrx_word' id='word_1_153' title='bbox 173 2094 249 2151; x_wconf 85' lang='lat' dir='ltr'>tblae</span> <span class='ocrx_word' id='word_1_154' title='bbox 264 2100 396 2167; x_wconf 78' lang='lat' dir='ltr'>iecerunt,</span> <span class='ocrx_word' id='word_1_155' title='bbox 414 2104 444 2158; x_wconf 91' lang='lat' dir='ltr'>ln</span> <span class='ocrx_word' id='word_1_156' title='bbox 456 2103 573 2159; x_wconf 83' lang='lat' dir='ltr'>virorum</span> <span class='ocrx_word' id='word_1_157' title='bbox 584 2103 716 2158; x_wconf 83' lang='lat' dir='ltr'>honorem</span> <span class='ocrx_word' id='word_1_158' title='bbox 733 2105 848 2158; x_wconf 86' lang='lat' dir='ltr'>retinui:</span> <span class='ocrx_word' id='word_1_159' title='bbox 867 2121 923 2178; x_wconf 86' lang='lat' dir='ltr'>quo</span> <span class='ocrx_word' id='word_1_160' title='bbox 936 2103 1007 2156; x_wconf 86' lang='lat' dir='ltr'>iacto</span> <span class='ocrx_word' id='word_1_161' title='bbox 1022 2117 1057 2154; x_wconf 87' lang='lat' dir='ltr'>ne</span> <span class='ocrx_word' id='word_1_162' title='bbox 1076 2099 1125 2152; x_wconf 90' lang='lat' dir='ltr'>llla</span> <span class='ocrx_word' id='word_1_163' title='bbox 1138 2098 1249 2169; x_wconf 82' lang='lat' dir='ltr'>quidem</span> 
     </span>
     <span class='ocr_line' id='line_1_19' title="bbox 173 2201 1249 2276; baseline 0.003 -25"><span class='ocrx_word' id='word_1_164' title='bbox 173 2201 264 2254; x_wconf 86' lang='lat' dir='ltr'>omitti</span> <span class='ocrx_word' id='word_1_165' title='bbox 276 2209 427 2273; x_wconf 82' lang='lat' dir='ltr'>potuerunt</span> <span class='ocrx_word' id='word_1_166' title='bbox 441 2221 510 2276; x_wconf 86' lang='lat' dir='ltr'>quae</span> <span class='ocrx_word' id='word_1_167' title='bbox 519 2204 550 2256; x_wconf 90' lang='lat' dir='ltr'>in</span> <span class='ocrx_word' id='word_1_168' title='bbox 564 2205 659 2258; x_wconf 84' lang='lat' dir='ltr'>eodem</span> <span class='ocrx_word' id='word_1_169' title='bbox 673 2221 772 2276; x_wconf 87' lang='lat' dir='ltr'>genero</span> <span class='ocrx_word' id='word_1_170' title='bbox 785 2205 910 2268; x_wconf 85' lang='lat' dir='ltr'>coniecit,</span> <span class='ocrx_word' id='word_1_171' title='bbox 925 2203 1085 2274; x_wconf 86' lang='lat' dir='ltr'>addiditque</span> <span class='ocrx_word' id='word_1_172' title='bbox 1093 2201 1249 2254; x_wconf 77' lang='lat' dir='ltr'>Volcaniae.</span> 
     </span>
    </p>

    <p class='ocr_par' dir='ltr' id='par_1_5' title="bbox 171 2299 1250 2572">
     <span class='ocr_line' id='line_1_20' title="bbox 240 2299 1250 2374; baseline -0.003 -21"><span class='ocrx_word' id='word_1_173' title='bbox 240 2301 291 2353; x_wconf 85' lang='lat' dir='ltr'>llla</span> <span class='ocrx_word' id='word_1_174' title='bbox 315 2304 465 2372; x_wconf 80' lang='lat' dir='ltr'>expositio,</span> <span class='ocrx_word' id='word_1_175' title='bbox 493 2303 548 2358; x_wconf 80' lang='lat' dir='ltr'>iarn</span> <span class='ocrx_word' id='word_1_176' title='bbox 568 2305 649 2358; x_wconf 88' lang='lat' dir='ltr'>iluern</span> <span class='ocrx_word' id='word_1_177' title='bbox 673 2305 839 2374; x_wconf 80' lang='lat' dir='ltr'>praelationi</span> <span class='ocrx_word' id='word_1_178' title='bbox 867 2306 980 2368; x_wconf 85' lang='lat' dir='ltr'>inciam,</span> <span class='ocrx_word' id='word_1_179' title='bbox 1014 2317 1098 2373; x_wconf 84' lang='lat' dir='ltr'>quum</span> <span class='ocrx_word' id='word_1_180' title='bbox 1118 2300 1151 2352; x_wconf 89' lang='lat' dir='ltr'>de</span> <span class='ocrx_word' id='word_1_181' title='bbox 1172 2299 1250 2350; x_wconf 82' lang='lat' dir='ltr'>libain</span> 
     </span>
     <span class='ocr_line' id='line_1_21' title="bbox 171 2401 1250 2476; baseline -0.003 -22"><span class='ocrx_word' id='word_1_182' title='bbox 171 2417 242 2474; x_wconf 68' lang='lat' dir='ltr'>geor</span> <span class='ocrx_word' id='word_1_183' title='bbox 267 2401 401 2467; x_wconf 78' lang='lat' dir='ltr'>adhibui,</span> <span class='ocrx_word' id='word_1_184' title='bbox 422 2404 550 2476; x_wconf 71' lang='lat' dir='ltr'>sigllaque</span> <span class='ocrx_word' id='word_1_185' title='bbox 572 2421 638 2475; x_wconf 73' lang='lat' dir='ltr'>meaa</span> <span class='ocrx_word' id='word_1_186' title='bbox 662 2405 694 2460; x_wconf 87' lang='lat' dir='ltr'>in</span> <span class='ocrx_word' id='word_1_187' title='bbox 707 2405 817 2460; x_wconf 81' lang='lat' dir='ltr'>eoboliir</span> <span class='ocrx_word' id='word_1_188' title='bbox 835 2405 917 2476; x_wconf 83' lang='lat' dir='ltr'>pecul</span> <span class='ocrx_word' id='word_1_189' title='bbox 933 2419 1002 2475; x_wconf 86' lang='lat' dir='ltr'>quae</span> <span class='ocrx_word' id='word_1_190' title='bbox 1016 2402 1166 2456; x_wconf 70' lang='lat' dir='ltr'>damnaria</span> <span class='ocrx_word' id='word_1_191' title='bbox 1186 2406 1250 2452; x_wconf 86' lang='lat' dir='ltr'>aeut</span> 
     </span>
     <span class='ocr_line' id='line_1_22' title="bbox 172 2517 334 2572; baseline -0.006 -16"><span class='ocrx_word' id='word_1_192' title='bbox 172 2517 334 2572; x_wconf 68' lang='lat' dir='ltr'>aperuero.</span> 
     </span>
    </p>

    <p class='ocr_par' dir='ltr' id='par_1_6' title="bbox 154 2601 1244 3604">
     <span class='ocr_line' id='line_1_23' title="bbox 236 2601 1241 2681; baseline 0.007 -24"><span class='ocrx_word' id='word_1_193' title='bbox 236 2605 267 2657; x_wconf 87' lang='lat' dir='ltr'>li.</span> <span class='ocrx_word' id='word_1_194' title='bbox 283 2601 377 2660; x_wconf 83' lang='lat' dir='ltr'>Codex</span> <span class='ocrx_word' id='word_1_195' title='bbox 393 2603 611 2677; x_wconf 78' lang='lat' dir='ltr'>Rebdigeranna:</span> <span class='ocrx_word' id='word_1_196' title='bbox 634 2607 804 2663; x_wconf 71' lang='lat' dir='ltr'>chartaceum</span> <span class='ocrx_word' id='word_1_197' title='bbox 824 2611 941 2681; x_wconf 83' lang='lat' dir='ltr'>acriplua</span> <span class='ocrx_word' id='word_1_198' title='bbox 957 2607 1026 2662; x_wconf 87' lang='lat' dir='ltr'>eirea</span> <span class='ocrx_word' id='word_1_199' title='bbox 1040 2621 1140 2660; x_wconf 83' lang='lat' dir='ltr'>anunm</span> <span class='ocrx_word' id='word_1_200' title='bbox 1157 2609 1241 2672; x_wconf 71' lang='lat' dir='ltr'>aroc,</span> 
     </span>
     <span class='ocr_line' id='line_1_24' title="bbox 165 2705 1244 2784; baseline 0.005 -25"><span class='ocrx_word' id='word_1_201' title='bbox 165 2705 587 2779; x_wconf 84' lang='lat' dir='ltr'>impenaiaTbomaellebdigeri‚</span> <span class='ocrx_word' id='word_1_202' title='bbox 604 2711 634 2764; x_wconf 93' lang='lat' dir='ltr'>in</span> <span class='ocrx_word' id='word_1_203' title='bbox 648 2711 743 2779; x_wconf 83' lang='lat' dir='ltr'>ltelia;</span> <span class='ocrx_word' id='word_1_204' title='bbox 762 2710 915 2784; x_wconf 79' lang='lat' dir='ltr'>etquidem</span> <span class='ocrx_word' id='word_1_205' title='bbox 929 2709 1025 2782; x_wconf 86' lang='lat' dir='ltr'>procul</span> <span class='ocrx_word' id='word_1_206' title='bbox 1038 2707 1244 2778; x_wconf 80' lang='lat' dir='ltr'>dubioliomae3</span> 
     </span>
     <span class='ocr_line' id='line_1_25' title="bbox 162 2807 1243 2876; baseline 0.003 -15"><span class='ocrx_word' id='word_1_207' title='bbox 162 2807 301 2862; x_wconf 84' lang='lat' dir='ltr'>adnobaaa</span> <span class='ocrx_word' id='word_1_208' title='bbox 322 2809 444 2863; x_wconf 83' lang='lat' dir='ltr'>tribuere</span> <span class='ocrx_word' id='word_1_209' title='bbox 462 2811 690 2876; x_wconf 86' lang='lat' dir='ltr'>amanuenaibna,</span> <span class='ocrx_word' id='word_1_210' title='bbox 716 2810 796 2866; x_wconf 91' lang='lat' dir='ltr'>credo</span> <span class='ocrx_word' id='word_1_211' title='bbox 813 2811 998 2867; x_wconf 79' lang='lat' dir='ltr'>bibliothecae</span> <span class='ocrx_word' id='word_1_212' title='bbox 1017 2811 1162 2866; x_wconf 73' lang='lat' dir='ltr'>vaticanae</span> <span class='ocrx_word' id='word_1_213' title='bbox 1178 2812 1243 2864; x_wconf 88' lang='lat' dir='ltr'>rcri-</span> 
     </span>
     <span class='ocr_line' id='line_1_26' title="bbox 158 2909 1240 2985; baseline 0.006 -22"><span class='ocrx_word' id='word_1_214' title='bbox 158 2909 304 2981; x_wconf 77' lang='lat' dir='ltr'>ptoribua:</span> <span class='ocrx_word' id='word_1_215' title='bbox 327 2927 444 2983; x_wconf 70' lang='lat' dir='ltr'>&lt;suorum</span> <span class='ocrx_word' id='word_1_216' title='bbox 459 2911 555 2966; x_wconf 84' lang='lat' dir='ltr'>aaltean</span> <span class='ocrx_word' id='word_1_217' title='bbox 576 2915 692 2985; x_wconf 84' lang='lat' dir='ltr'>primum</span> <span class='ocrx_word' id='word_1_218' title='bbox 710 2912 945 2968; x_wconf 76' lang='lat' dir='ltr'>iniaaeiiraecurn</span> <span class='ocrx_word' id='word_1_219' title='bbox 962 2932 997 2967; x_wconf 80' lang='lat' dir='ltr'>ea</span> <span class='ocrx_word' id='word_1_220' title='bbox 1017 2912 1144 2968; x_wconf 89' lang='lat' dir='ltr'>ductibua</span> <span class='ocrx_word' id='word_1_221' title='bbox 1168 2916 1240 2970; x_wconf 84' lang='lat' dir='ltr'>clare</span> 
     </span>
     <span class='ocr_line' id='line_1_27' title="bbox 157 3017 1238 3090; baseline 0.005 -23"><span class='ocrx_word' id='word_1_222' title='bbox 157 3022 259 3085; x_wconf 77' lang='lat' dir='ltr'>patet5</span> <span class='ocrx_word' id='word_1_223' title='bbox 288 3023 439 3085; x_wconf 71' lang='lat' dir='ltr'>portionum</span> <span class='ocrx_word' id='word_1_224' title='bbox 467 3023 557 3070; x_wconf 62' lang='lat' dir='ltr'>aarum</span> <span class='ocrx_word' id='word_1_225' title='bbox 582 3018 735 3088; x_wconf 77' lang='lat' dir='ltr'>alienigena</span> <span class='ocrx_word' id='word_1_226' title='bbox 759 3019 831 3082; x_wconf 83' lang='lat' dir='ltr'>icit,</span> <span class='ocrx_word' id='word_1_227' title='bbox 860 3033 1026 3090; x_wconf 82' lang='lat' dir='ltr'>graecaeque</span> <span class='ocrx_word' id='word_1_228' title='bbox 1048 3017 1158 3088; x_wconf 86' lang='lat' dir='ltr'>linguae</span> <span class='ocrx_word' id='word_1_229' title='bbox 1180 3019 1238 3072; x_wconf 84' lang='lat' dir='ltr'>lere</span> 
     </span>
     <span class='ocr_line' id='line_1_28' title="bbox 158 3115 1237 3191; baseline 0.003 -20"><span class='ocrx_word' id='word_1_230' title='bbox 158 3115 244 3171; x_wconf 79' lang='lat' dir='ltr'>rudia</span> <span class='ocrx_word' id='word_1_231' title='bbox 278 3118 448 3191; x_wconf 78' lang='lat' dir='ltr'>Earcaiptum</span> <span class='ocrx_word' id='word_1_232' title='bbox 464 3135 524 3173; x_wconf 86' lang='lat' dir='ltr'>ecre</span> <span class='ocrx_word' id='word_1_233' title='bbox 541 3135 575 3174; x_wconf 83' lang='lat' dir='ltr'>cx</span> <span class='ocrx_word' id='word_1_234' title='bbox 589 3118 683 3173; x_wconf 88' lang='lat' dir='ltr'>codice</span> <span class='ocrx_word' id='word_1_235' title='bbox 701 3119 832 3174; x_wconf 84' lang='lat' dir='ltr'>Vaticano</span> <span class='ocrx_word' id='word_1_236' title='bbox 850 3138 906 3174; x_wconf 87' lang='lat' dir='ltr'>non</span> <span class='ocrx_word' id='word_1_237' title='bbox 922 3119 1030 3184; x_wconf 89' lang='lat' dir='ltr'>dubito,</span> <span class='ocrx_word' id='word_1_238' title='bbox 1047 3136 1102 3191; x_wconf 82' lang='lat' dir='ltr'>quo</span> <span class='ocrx_word' id='word_1_239' title='bbox 1121 3119 1237 3174; x_wconf 78' lang='lat' dir='ltr'>Peteona</span> 
     </span>
     <span class='ocr_line' id='line_1_29' title="bbox 158 3219 1238 3294; baseline 0.004 -22"><span class='ocrx_word' id='word_1_240' title='bbox 158 3235 224 3273; x_wconf 84' lang='lat' dir='ltr'>eane</span> <span class='ocrx_word' id='word_1_241' title='bbox 243 3219 336 3274; x_wconf 82' lang='lat' dir='ltr'>luerit.</span> <span class='ocrx_word' id='word_1_242' title='bbox 371 3221 621 3293; x_wconf 83' lang='lat' dir='ltr'>interpunctionem</span> <span class='ocrx_word' id='word_1_243' title='bbox 638 3221 672 3276; x_wconf 89' lang='lat' dir='ltr'>ad</span> <span class='ocrx_word' id='word_1_244' title='bbox 690 3239 799 3278; x_wconf 81' lang='lat' dir='ltr'>remum</span> <span class='ocrx_word' id='word_1_245' title='bbox 813 3222 1041 3276; x_wconf 84' lang='lat' dir='ltr'>accommodatam</span> <span class='ocrx_word' id='word_1_246' title='bbox 1056 3221 1102 3276; x_wconf 82' lang='lat' dir='ltr'>rix</span> <span class='ocrx_word' id='word_1_247' title='bbox 1125 3239 1238 3294; x_wconf 83' lang='lat' dir='ltr'>acquam</span> 
     </span>
     <span class='ocr_line' id='line_1_30' title="bbox 155 3319 1235 3404; baseline 0.006 -30"><span class='ocrx_word' id='word_1_248' title='bbox 155 3319 251 3385; x_wconf 88' lang='lat' dir='ltr'>babet,</span> <span class='ocrx_word' id='word_1_249' title='bbox 267 3319 482 3404; x_wconf 31' lang='lat' dir='ltr'>aed-interiectio</span> <span class='ocrx_word' id='word_1_250' title='bbox 504 3326 623 3394; x_wconf 82' lang='lat' dir='ltr'>reptenir</span> <span class='ocrx_word' id='word_1_251' title='bbox 637 3325 682 3378; x_wconf 78' lang='lat' dir='ltr'>vel</span> <span class='ocrx_word' id='word_1_252' title='bbox 699 3326 804 3378; x_wconf 87' lang='lat' dir='ltr'>octonia</span> <span class='ocrx_word' id='word_1_253' title='bbox 817 3325 854 3396; x_wconf 87' lang='lat' dir='ltr'>pl.</span> <span class='ocrx_word' id='word_1_254' title='bbox 865 3341 899 3377; x_wconf 88' lang='lat' dir='ltr'>an.</span> <span class='ocrx_word' id='word_1_255' title='bbox 917 3323 1057 3378; x_wconf 80' lang='lat' dir='ltr'>vocabulia</span> <span class='ocrx_word' id='word_1_256' title='bbox 1071 3333 1170 3396; x_wconf 84' lang='lat' dir='ltr'>puncta</span> <span class='ocrx_word' id='word_1_257' title='bbox 1182 3343 1235 3398; x_wconf 87' lang='lat' dir='ltr'>po·</span> 
     </span>
     <span class='ocr_line' id='line_1_31' title="bbox 154 3423 1234 3501; baseline 0.006 -26"><span class='ocrx_word' id='word_1_258' title='bbox 154 3423 210 3476; x_wconf 87' lang='lat' dir='ltr'>nit.</span> <span class='ocrx_word' id='word_1_259' title='bbox 242 3425 275 3480; x_wconf 87' lang='lat' dir='ltr'>ln</span> <span class='ocrx_word' id='word_1_260' title='bbox 290 3427 411 3498; x_wconf 82' lang='lat' dir='ltr'>margine</span> <span class='ocrx_word' id='word_1_261' title='bbox 425 3429 606 3482; x_wconf 82' lang='lat' dir='ltr'>correctionea</span> <span class='ocrx_word' id='word_1_262' title='bbox 624 3435 671 3482; x_wconf 89' lang='lat' dir='ltr'>aut</span> <span class='ocrx_word' id='word_1_263' title='bbox 684 3429 850 3482; x_wconf 84' lang='lat' dir='ltr'>coniecturae</span> <span class='ocrx_word' id='word_1_264' title='bbox 865 3427 979 3482; x_wconf 81' lang='lat' dir='ltr'>exhibet</span> <span class='ocrx_word' id='word_1_265' title='bbox 994 3429 1147 3492; x_wconf 80' lang='lat' dir='ltr'>nonnullae,</span> <span class='ocrx_word' id='word_1_266' title='bbox 1168 3446 1234 3501; x_wconf 86' lang='lat' dir='ltr'>quar</span> 
     </span>
     <span class='ocr_line' id='line_1_32' title="bbox 154 3525 1234 3604; baseline 0.004 -24"><span class='ocrx_word' id='word_1_267' title='bbox 154 3525 351 3581; x_wconf 78' lang='lat' dir='ltr'>Leundarium</span> <span class='ocrx_word' id='word_1_268' title='bbox 367 3537 505 3585; x_wconf 78' lang='lat' dir='ltr'>auctorem</span> <span class='ocrx_word' id='word_1_269' title='bbox 519 3527 622 3584; x_wconf 85' lang='lat' dir='ltr'>babere</span> <span class='ocrx_word' id='word_1_270' title='bbox 647 3529 744 3597; x_wconf 83' lang='lat' dir='ltr'>caedo,</span> <span class='ocrx_word' id='word_1_271' title='bbox 765 3531 814 3604; x_wconf 88' lang='lat' dir='ltr'>qul</span> <span class='ocrx_word' id='word_1_272' title='bbox 833 3547 896 3584; x_wconf 84' lang='lat' dir='ltr'>eum</span> <span class='ocrx_word' id='word_1_273' title='bbox 910 3549 933 3584; x_wconf 90' lang='lat' dir='ltr'>a.</span> <span class='ocrx_word' id='word_1_274' title='bbox 954 3531 1028 3602; x_wconf 74' lang='lat'><strong>1576.</strong></span> <span class='ocrx_word' id='word_1_275' title='bbox 1042 3530 1175 3586; x_wconf 84' lang='lat' dir='ltr'>utendum</span> <span class='ocrx_word' id='word_1_276' title='bbox 1190 3549 1234 3584; x_wconf 70' lang='lat' dir='ltr'>eo</span> 
     </span>
    </p>

    <p class='ocr_par' dir='ltr' id='par_1_7' title="bbox 122 3627 1232 4119">
     <span class='ocr_line' id='line_1_33' title="bbox 122 3627 1232 3708; baseline 0.005 -26"><span class='ocrx_word' id='word_1_277' title='bbox 122 3657 126 3670; x_wconf 91' lang='lat'><strong>·</strong></span> <span class='ocrx_word' id='word_1_278' title='bbox 143 3635 271 3701; x_wconf 69' lang='lat' dir='ltr'>ceperat.</span> <span class='ocrx_word' id='word_1_279' title='bbox 309 3627 395 3701; x_wconf 86' lang='lat' dir='ltr'>Quem</span> <span class='ocrx_word' id='word_1_280' title='bbox 408 3631 529 3686; x_wconf 84' lang='lat' dir='ltr'>codicem</span> <span class='ocrx_word' id='word_1_281' title='bbox 541 3650 626 3706; x_wconf 79' lang='lat' dir='ltr'>qaum</span> <span class='ocrx_word' id='word_1_282' title='bbox 635 3633 782 3688; x_wconf 76' lang='lat' dir='ltr'>Volcaniae</span> <span class='ocrx_word' id='word_1_283' title='bbox 794 3651 885 3686; x_wconf 81' lang='lat' dir='ltr'>recum</span> <span class='ocrx_word' id='word_1_284' title='bbox 904 3636 1098 3688; x_wconf 86' lang='lat' dir='ltr'>communicari</span> <span class='ocrx_word' id='word_1_285' title='bbox 1115 3643 1232 3708; x_wconf 83' lang='lat' dir='ltr'>peteret,</span> 
     </span>
     <span class='ocr_line' id='line_1_34' title="bbox 142 3736 1231 3812; baseline 0.004 -26"><span class='ocrx_word' id='word_1_286' title='bbox 142 3749 311 3804; x_wconf 70' lang='lat' dir='ltr'>serpentum</span> <span class='ocrx_word' id='word_1_287' title='bbox 330 3742 372 3788; x_wconf 88' lang='lat' dir='ltr'>eat</span> <span class='ocrx_word' id='word_1_288' title='bbox 392 3752 453 3788; x_wconf 84' lang='lat' dir='ltr'>euna</span> <span class='ocrx_word' id='word_1_289' title='bbox 469 3755 526 3790; x_wconf 83' lang='lat' dir='ltr'>uon</span> <span class='ocrx_word' id='word_1_290' title='bbox 549 3753 717 3808; x_wconf 86' lang='lat' dir='ltr'>comparere:</span> <span class='ocrx_word' id='word_1_291' title='bbox 735 3754 825 3812; x_wconf 82' lang='lat' dir='ltr'>neque</span> <span class='ocrx_word' id='word_1_292' title='bbox 839 3736 869 3790; x_wconf 86' lang='lat' dir='ltr'>ld</span> <span class='ocrx_word' id='word_1_293' title='bbox 890 3737 974 3792; x_wconf 78' lang='lat' dir='ltr'>salcer</span> <span class='ocrx_word' id='word_1_294' title='bbox 997 3737 1141 3808; x_wconf 85' lang='lat' dir='ltr'>inceriptio</span> <span class='ocrx_word' id='word_1_295' title='bbox 1157 3739 1231 3790; x_wconf 85' lang='lat' dir='ltr'>eninr</span> 
     </span>
     <span class='ocr_line' id='line_1_35' title="bbox 144 3837 1230 3924; baseline 0.006 -37"><span class='ocrx_word' id='word_1_296' title='bbox 144 3841 265 3888; x_wconf 65' lang='lat' dir='ltr'>metatur</span> <span class='ocrx_word' id='word_1_297' title='bbox 294 3852 368 3890; x_wconf 87' lang='lat' dir='ltr'>anno</span> <span class='ocrx_word' id='word_1_298' title='bbox 395 3837 502 3892; x_wconf 87' lang='lat' dir='ltr'>demum</span> <span class='ocrx_word' id='word_1_299' title='bbox 530 3843 604 3896; x_wconf 82' lang='lat'><strong>1658.</strong></span> <span class='ocrx_word' id='word_1_300' title='bbox 627 3843 726 3896; x_wconf 80' lang='lat' dir='ltr'>iterum</span> <span class='ocrx_word' id='word_1_301' title='bbox 745 3841 852 3924; x_wconf 79' lang='lat' dir='ltr'>illatam</span> <span class='ocrx_word' id='word_1_302' title='bbox 886 3858 944 3896; x_wconf 88' lang='lat' dir='ltr'>eaae</span> <span class='ocrx_word' id='word_1_303' title='bbox 973 3843 1003 3894; x_wconf 85' lang='lat' dir='ltr'>in</span> <span class='ocrx_word' id='word_1_304' title='bbox 1036 3841 1230 3894; x_wconf 83' lang='lat' dir='ltr'>bibliothecam</span> 
     </span>
     <span class='ocr_line' id='line_1_36' title="bbox 139 3929 1224 4011; baseline 0.006 -23"><span class='ocrx_word' id='word_1_305' title='bbox 139 3929 362 4010; x_wconf 84' lang='lat' dir='ltr'>¹liciadigeranam</span> <span class='ocrx_word' id='word_1_306' title='bbox 386 3955 402 3992; x_wconf 87' lang='lat' dir='ltr'>a</span> <span class='ocrx_word' id='word_1_307' title='bbox 428 3939 583 3998; x_wconf 81' lang='lat' dir='ltr'>Chriatiauo</span> <span class='ocrx_word' id='word_1_308' title='bbox 604 3943 759 3997; x_wconf 86' lang='lat' dir='ltr'>lioimanno</span> <span class='ocrx_word' id='word_1_309' title='bbox 783 3943 818 3996; x_wconf 90' lang='lat' dir='ltr'>ab</span> <span class='ocrx_word' id='word_1_310' title='bbox 839 3941 1112 4006; x_wconf 81' lang='lat' dir='ltr'>Hoimanuaaraldau‚</span> <span class='ocrx_word' id='word_1_311' title='bbox 1140 3949 1224 4011; x_wconf 79' lang='lat' dir='ltr'>poete</span> 
     </span>
     <span class='ocr_line' id='line_1_37' title="bbox 144 4039 1226 4119; baseline 0 -23"><span class='ocrx_word' id='word_1_312' title='bbox 144 4039 251 4096; x_wconf 75' lang='lat' dir='ltr'>inculco</span> <span class='ocrx_word' id='word_1_313' title='bbox 270 4047 299 4094; x_wconf 88' lang='lat' dir='ltr'>ct</span> <span class='ocrx_word' id='word_1_314' title='bbox 319 4041 473 4114; x_wconf 85' lang='lat' dir='ltr'>obaeoeno;</span> <span class='ocrx_word' id='word_1_315' title='bbox 496 4053 525 4099; x_wconf 88' lang='lat' dir='ltr'>at</span> <span class='ocrx_word' id='word_1_316' title='bbox 547 4049 624 4113; x_wconf 83' lang='lat' dir='ltr'>cire,</span> <span class='ocrx_word' id='word_1_317' title='bbox 651 4055 682 4100; x_wconf 86' lang='lat' dir='ltr'>ut</span> <span class='ocrx_word' id='word_1_318' title='bbox 702 4046 766 4102; x_wconf 84' lang='lat' dir='ltr'>bine</span> <span class='ocrx_word' id='word_1_319' title='bbox 785 4049 915 4119; x_wconf 78' lang='lat' dir='ltr'>colligere</span> <span class='ocrx_word' id='word_1_320' title='bbox 935 4047 1017 4110; x_wconf 87' lang='lat' dir='ltr'>licet,</span> <span class='ocrx_word' id='word_1_321' title='bbox 1045 4063 1101 4097; x_wconf 86' lang='lat' dir='ltr'>uon</span> <span class='ocrx_word' id='word_1_322' title='bbox 1124 4045 1226 4096; x_wconf 88' lang='lat' dir='ltr'>inutili.</span> 
     </span>
    </p>
   </div>
   <div class='ocr_carea' id='block_1_4' title="bbox 215 4141 1226 4242">
    <p class='ocr_par' dir='ltr' id='par_1_8' title="bbox 215 4141 1226 4242">
     <span class='ocr_line' id='line_1_38' title="bbox 215 4141 1226 4242; baseline 0 -40"><span class='ocrx_word' id='word_1_323' title='bbox 215 4141 301 4214; x_wconf 78' lang='lat' dir='ltr'>bugd.</span> <span class='ocrx_word' id='word_1_324' title='bbox 319 4145 531 4218; x_wconf 84' lang='lat' dir='ltr'>Lugdunenaia‚</span> <span class='ocrx_word' id='word_1_325' title='bbox 558 4149 744 4206; x_wconf 86' lang='lat' dir='ltr'>bibliothocae</span> <span class='ocrx_word' id='word_1_326' title='bbox 764 4151 955 4242; x_wconf 80' lang='lat' dir='ltr'>academicae,</span> <span class='ocrx_word' id='word_1_327' title='bbox 992 4149 1034 4218; x_wconf 73' lang='grc'>54.</span> <span class='ocrx_word' id='word_1_328' title='bbox 1053 4146 1125 4200; x_wconf 85' lang='lat' dir='ltr'>iuter</span> <span class='ocrx_word' id='word_1_329' title='bbox 1142 4145 1226 4202; x_wconf 82' lang='lat' dir='ltr'>libror</span> 
     </span>
    </p>
   </div>
   <div class='ocr_carea' id='block_1_5' title="bbox 0 0 1586 4956">
    <p class='ocr_par' dir='ltr' id='par_1_9' title="bbox 0 0 1586 4956">
     <span class='ocr_line' id='line_1_39' title="bbox 0 0 1586 4956; baseline 0 9"><span class='ocrx_word' id='word_1_330' title='bbox 0 0 1586 4956; x_wconf 95' lang='lat' dir='ltr'> </span> 
     </span>
    </p>
   </div>
  </div>
 </body>
</html>
