3162 4956
280 301 282 364 ἱ
353 320 474 386 xxxvi
755 317 790 378 e.
822 313 1014 380 νοιοιοιι

352 473 393 536 tia
414 479 485 555 port
510 468 671 532 mensibus
692 467 856 550 Agatbiam
884 467 949 528 MS.
980 490 999 529 a
1021 465 1264 530 bibliothecario
1295 467 1426 530 domum

351 591 482 634 reverso
500 570 673 652 diligenter
694 566 872 649 quaesitum
896 586 1098 650 nequaquam
1120 588 1319 648 comparem
1340 567 1428 650 quod

352 669 486 752 qnidam
496 677 529 729 et
545 689 597 729 me
614 677 646 730 et
662 665 734 728 illoa
746 664 880 747 pessime
899 663 1027 726 babuitr
1049 686 1115 744 me,
1137 664 1179 728 ob
1197 685 1315 726 moram
1329 687 1428 748 quam

351 767 493 836 editioni.¹
513 787 592 829 rano
618 787 689 826 mea
710 783 765 846 ape
790 761 940 822 iniectam
964 762 1127 844 videbam3
1159 763 1256 836 illoc,
1284 763 1371 846 quod
1390 764 1424 848 in

350 863 544 927 bibliotheca
566 885 623 924 aua
639 881 736 943 quem
755 859 923 942 sperabant
942 861 1125 922 thesaurum
1141 883 1207 922 uon
1223 861 1424 944 reperissent.

349 962 418 1046 Ego
437 964 555 1044 itaque,
579 981 619 1021 ne
647 958 727 1020 mibi
754 958 821 1040 ipae
847 958 992 1040 longiore
1019 943 1105 1022 mora
1129 959 1310 1040 efficerem,
1342 978 1424 1018 neve

348 1061 447 1144 (qnod
476 1061 507 1122 in
527 1057 641 1143 Cyrilli
660 1049 871 1119 Alexandrini
902 1057 994 1120 libris
1019 1058 1058 1120 de
1083 1058 1267 1121 adoratione
1304 1057 1338 1117 in
1359 1054 1425 1142 epi·

346 1159 414 1220 ritu
431 1166 463 1220 et
480 1159 632 1236 veritate,
654 1163 687 1218 et
707 1155 739 1225 ip
762 1153 909 1214 Concilio
923 1155 1237 1240 prcainograeco,
1264 1150 1327 1216 iam
1339 1152 1425 1214 acci-

348 1257 413 1332 dit,
437 1265 471 1318 et
484 1276 597 1318 vereor
616 1275 655 1316 nc
674 1253 768 1314 etiam
785 1253 817 1312 in
833 1251 975 1314 Nicaeno
1001 1275 1115 1338 graeco
1137 1254 1277 1332 accidat)
1292 1253 1331 1316 ab
1351 1253 1424 1314 aliia

345 1353 568 1438 praevenirer,
590 1351 733 1434 mihique
748 1360 781 1410 et
796 1348 887 1413 labor
904 1352 1008 1436 omnia
1027 1373 1133 1432 meua,
1166 1361 1198 1414 et
1219 1352 1320 1413 bonon
1346 1349 1425 1432 qui·

345 1473 475 1538 cunque
494 1473 534 1515 ex
554 1449 615 1512 bac
627 1469 724 1511 arena
744 1446 861 1510 laboris
882 1448 977 1532 plena
995 1450 1170 1533 exspectari
1183 1459 1298 1534 potent,
1319 1447 1426 1511 veluti

346 1575 363 1615 e
381 1551 523 1612 manibus
539 1548 735 1631 eriperetur:
758 1546 935 1608 editionem
958 1547 1076 1609 diutina
1097 1549 1323 1626 differendam,
1345 1547 1425 1609 dum

345 1639 539 1730 ἀντίγραφον
558 1645 689 1729 aliquod
711 1643 893 1722 offerretur,
915 1667 980 1708 nou
1004 1648 1134 1725 cenaui,
1156 1647 1326 1730 praecipue
1348 1665 1424 1707 cum

344 1746 439 1828 plane
463 1740 523 1804 σὺν
550 1738 655 1826 ἀγαθῇ
671 1736 751 1826 τύχῃ
775 1742 946 1805 affulsisset
969 1743 1120 1828 Agatbiae
1144 1745 1263 1827 puriter
1285 1743 1424 1806 etmihi

344 1841 627 1925 auspicatiaaimum
646 1840 728 1902 illud
747 1841 866 1902 lulium
882 1841 987 1914 aidue3
1010 1863 1162 1924 magnus,
1184 1843 1332 1924 inquam,
1363 1842 1423 1903 ille

343 1940 498 2024 loaepbua
513 1939 674 2024 Scaliger,
697 1939 826 2000 maximi
840 1940 901 2032 lul.
924 1941 1064 2008 Caesarie
1080 1942 1116 2006 F.
1132 1941 1189 2024 qui
1202 1941 1280 2002 mihi
1292 1941 1423 2019 merito,

343 2039 468 2120 quoties
482 2038 601 2120 aliquia
626 2037 743 2122 dignun
761 2037 887 2099 vindice
913 2040 1017 2101 nodus
1035 2041 1191 2118 occurrit,
1213 2040 1274 2101 fuit
1292 2033 1424 2122 ἀκριβε-

342 2129 459 2198 meroe
474 2127 669 2219 ἀντιγράφου
687 2131 783 2218 δίκην.
808 2135 910 2198 Cuius
922 2137 1054 2219 quidem
1064 2138 1275 2222 optatissime·
1286 2138 1319 2198 in
1335 2137 1423 2199 banc

341 2234 545 2296 Academiam
571 2235 724 2296 adventur
748 2234 871 2296 utinam
902 2235 1034 2298 latinam
1047 2236 1200 2318 Agatbiae
1216 2237 1280 2299 mci
1302 2237 1425 2300 editio·

342 2353 416 2394 uem
435 2331 669 2395 antevertiaaet!
690 2331 967 2394 Plurimumenim
988 2334 1077 2396 illiue
1090 2334 1286 2397 literatorum
1294 2335 1426 2418 princi-

339 2430 388 2514 pis
409 2430 531 2492 iudicio
547 2429 580 2510 in
604 2427 683 2491 looia
705 2429 924 2491 nonnulliade
945 2432 1062 2516 quibua
1075 2432 1273 2515 ambigebam
1290 2433 1425 2516 tribula·

337 2548 414 2599 aem;
432 2525 658 2589 cuinniverauo
677 2525 842 2588 doctorum
855 2529 1288 2612 conceaanalibenaaaanrgit,
1302 2531 1423 2593 lancea·

337 2622 577 2706 queaubmittit.
603 2625 772 2706 Superest,
803 2625 938 2686 candide
963 2625 1081 2701 lector,
1103 2634 1140 2686 ut
1168 2645 1297 2707 operam
1314 2647 1423 2689 meam

337 2742 433 2803 quam
451 2719 563 2802 optimi
587 2719 683 2784 buius
701 2720 843 2782 authoris
859 2720 993 2782 editioni
1019 2721 1345 2809 interpretationique
1363 2726 1424 2788 im·

336 2818 445 2902 pendi,
461 2817 712 2896 boniconaulaa3
732 2828 854 2881 etcum
880 2819 992 2904 apibua
1007 2821 1113 2905 potiua
1127 2820 1155 2884 ai
1172 2821 1252 2904 quid
1270 2820 1304 2882 in
1325 2845 1364 2885 ea
1380 2807 1424 2887 eit

336 2918 415 2980 boni
439 2917 606 3001 decerpas,
628 2939 724 3000 quam
745 2940 818 2981 cum
839 2919 961 2982 araneis
983 2919 1009 2982 ai
1036 2919 1116 3001 qnid
1139 2919 1247 2982 aitioai
1269 2943 1421 3006 exaugaa.

338 3015 550 3077 decesserunt
567 3016 727 3079 coronidia
752 3016 821 3079 vice
840 3015 993 3100 Agatbiae
1019 3019 1243 3102 epigrammata
1279 3013 1419 3102 ἐρωτικιὶ

336 3112 377 3175 ab
408 3113 526 3175 illuatri
546 3115 616 3177 viro
633 3112 770 3198 Ioaepbo
790 3114 952 3198 Scaligero
971 3115 1069 3179 latine
1092 3136 1200 3202 veroa,
1228 3136 1339 3199 neque
1363 3139 1421 3178 an·

334 3210 427 3273 tebac
446 3217 528 3286 (uno
557 3197 652 3295 atque
680 3213 781 3276 altero
805 3220 952 3298 excepto)
978 3215 1060 3298 typia
1084 3214 1188 3294 edita,
1217 3236 1303 3296 quae
1326 3227 1420 3280 certe

334 3309 495 3370 iuventuti
516 3309 677 3394 φιλέλληνι
706 3309 801 3372 veluti
821 3332 924 3374 canon
945 3313 1076 3394 quidam
1096 3321 1192 3395 atque
1209 3332 1325 3374 norma
1341 3335 1420 3398 ver-

332 3407 422 3470 tendi
445 3407 543 3468 latina
566 3408 605 3470 de
623 3410 743 3492 graecia
758 3429 826 3471 esee
841 3420 990 3492 potsunt,
1030 3415 1032 3420 ’

454 3503 597 3589 Μορφῆς
613 3503 656 3579 ὥς
674 3502 824 3580 πλάσταις
843 3505 973 3570 meren
987 3507 1159 3592 βλέφαρον.

412 3601 463 3670 Tu
482 3605 576 3666 etiam
602 3605 660 3683 bia,
680 3606 765 3667 bone
782 3606 894 3684 lector,
914 3615 1004 3669 utere
1023 3616 1055 3668 et
1073 3608 1193 3684 fruere,
1215 3614 1306 3672 utet
1328 3631 1417 3674 non-

331 3703 430 3766 nullia
457 3703 602 3766 ciendam
635 3704 789 3786 Agatbiae
829 3705 1105 3788 epigrammatibus
1139 3727 1222 3788 quae
1264 3709 1417 3778 nobiliea.

313 3797 586 3886 ‘clarinaimuaque
626 3803 674 3863 vir
706 3805 799 3864 lanus
828 3805 936 3864 Douaa
972 3801 1127 3888 Dominus
1157 3824 1176 3863 a
1201 3805 1416 3890 Noortwyck‚

328 3908 488 3980 mueageta
510 3910 628 3978 noster,
660 3902 776 3978 vertit,
798 3901 916 3982 quibua
938 3909 970 3961 te
993 3901 1142 3964 fraudare
1164 3887 1276 3981 nolui,
1299 3913 1335 3965 ut
1351 3927 1416 3972 nee
1536 3909 1540 3918 '

330 3997 472 4062 nobiliea.
506 3998 784 4080 doctissimumque
808 3999 911 4059 virum
933 4000 1139 4063 Theodorum
1163 4001 1343 4096 Caeterum
1372 4028 1415 4071 eo

329 4097 471 4173 honore,
493 4096 581 4180 qnod
601 4095 642 4158 de
659 4095 736 4158 locia
754 4095 905 4178 Agathiae
927 4099 1112 4176 nonnullis,
1133 4119 1272 4181 quorum
1292 4102 1409 4169 lactio-

329 4216 403 4259 nam
424 4196 456 4258 in
473 4196 572 4260 Suida
593 4195 712 4262 varim
733 4206 932 4292 compererat
948 4219 999 4262 me
1026 4219 1085 4282 per
1106 4197 1214 4260 literae
1232 4205 1414 4288 monuerit,
