3162 4920
314 251 393 310 120
582 281 586 290 ·
756 249 967 314 tenutis.

164 421 240 480 Α,ε,
250 403 439 490 mizdono
452 403 636 492 παραλόγως
647 401 704 486 τὴν
720 401 903 484 βασιλείαν,
934 399 990 466 καί
1013 403 1057 488 τῷ
1074 403 1176 491 οίκείρι
1198 402 1389 489 &cedrenus

198 491 225 554 ¹·
235 493 257 550 ¹·
269 493 304 548 ²⁸
310 505 408 586 γένει,
426 497 470 580 ώς
486 527 547 568 που
565 504 666 568 Βίωνι
678 499 849 586 γέγραπται
864 501 919 564 καί
940 493 1135 588 Ἀλεξάνδρῳ
1146 503 1190 588 τῷ
1206 502 1385 571 Πολυΐστω-

277 619 363 690 nos,
383 605 445 680 ἕως
461 604 494 678 ἐς
511 596 768 688 Σαρδανάπαλον,
790 593 833 673 ιός
854 598 969 664 ἐκεῖνοί
981 621 1077 686 φασι,
1105 601 1161 684 τῆς
1182 599 1282 684 ἀρχῆς
1307 593 1387 662 άπα-

312 700 546 786 μαρανδείσης,
570 692 730 784 Ἀρβάκης
747 693 763 758 ό
782 697 898 780 Μῆδος
918 695 973 761 καί
990 699 1128 772 Βέλεσυς
1144 695 1161 760 ό
1182 697 1386 779 Βαβυλώνιος

312 798 490 887 άφῄρηνται
514 791 615 882 αότην
639 793 712 872 τοός
731 789 937 880 Ἆασυριόυς,
969 794 1151 872 καθελόντος
1168 793 1222 862 τόν
1242 795 1408 879 tussitat>

310 897 367 966 καί
387 898 419 974 ἒς
441 895 478 962 τό
498 891 646 982 Μηδικόν
661 896 855 980 μετέστησαν
870 891 979 978 ἔθνος,
1008 898 1042 974 ἕξ
1066 919 1099 960 τε
1119 899 1175 960 καί
1200 894 1387 982 τριακοσίων

227 987 373 1082 Ὴθῆδη
390 991 469 1082 πρός
484 1002 552 1072 τοϊς
567 993 698 1076 χιλίαις,
729 987 751 1078 ἢ
773 991 828 1057 καί
846 992 939 1084 δλίγιρ
955 990 1123 1078 πλειόνων,
1144 995 1221 1060 ε’τών
1237 1019 1389 1084 παρῳχη-

311 1090 429 1176 κότων,
456 1093 489 1174 ἐξ
508 1083 546 1158 oi
564 1088 605 1158 τά
623 1091 733 1178 πρώτα
753 1086 772 1153 δ
794 1098 898 1168 Νῖνος·
911 1095 973 1156 τών
999 1091 1100 1182 ἐκείνη
1130 1094 1279 1176 κατέσχεν
1305 1118 1388 1179 πρα-

310 1190 449 1280 γμάτων.
475 1185 559 1258 οὕτω
577 1188 637 1276 γάρ
657 1191 782 1279 Κτησίᾳ
805 1193 850 1279 τῷ
873 1191 993 1280 Κνιδίῳ
1014 1188 1090 1284 τορός
1104 1193 1234 1281 χρόνους
1250 1193 1388 1277 ἀναγρα-

310 1293 446 1380 ψαμέιυρ
463 1288 517 1356 καί
530 1285 690 1376 Διόδωρος
707 1286 867 1376 ξόμφησιν
884 1287 902 1354 ό
918 1285 1115 1376 Σικελιώτης.
1156 1293 1266 1374 Μῆδοι
1282 1288 1430 1358 τοίνυνιο

314 1383 410 1468 αὖθις
423 1387 586 1479 ἐκράτουν,
599 1391 654 1453 καί
670 1381 794 1452 άπαντα
806 1397 870 1464 τοῖς
886 1387 1009 1453 ἐκείνων
1021 1387 1189 1454 ἐτάττοντο
1201 1385 1316 1470 νόμοις.
1334 1383 1389 1472 ἔτη

237 1491 351 1558 Μάδὲ
369 1492 424 1556 καί
443 1485 560 1554 τοότων
576 1489 610 1554 ἐν
627 1487 667 1574 τῇ
685 1481 768 1574 άρχῇ
784 1485 997 1553 διανυσάντων
1013 1486 1053 1552 οδ
1070 1497 1159 1571 μεῖον
1177 1479 1197 1574 ἢ
1214 1481 1392 1573 τριακόσια,

316 1592 425 1676 Κόρας
443 1585 461 1654 δ
477 1588 656 1670 Καμβύσου
675 1583 731 1651 τόν
752 1581 930 1674 Ἀστυόγην
944 1584 1211 1672 καταπολεμήσας,
1231 1585 1285 1652 ἐπὶ
1301 1588 1392 1671 Πέρ-

315 1713 374 1766 σας
390 1685 446 1772 τὴν
461 1683 626 1771 ἡγεμονῶν
646 1682 812 1770 μετήγαγε.
831 1687 896 1764 πώς
912 1688 947 1752 δὲ
967 1686 1025 1750 odes
1038 1677 1169 1770 ἤμελλεν
1174 1738 1185 1768 ,
1205 1687 1336 1772 Πέρσης
1355 1707 1390 1749 τε

316 1779 362 1852 ών
378 1781 473 1862 αότός
486 1782 648 1868 ἰθαγενὴς,
668 1782 723 1850 καί
740 1779 807 1866 άμα
820 1785 1020 1867 χαλεπαίνων
1037 1793 1101 1860 ταῖς
1117 1783 1246 1870 Μήδοις
1261 1783 1313 1848 διά
1330 1782 1429 1860 τάςιό

316 1881 374 1964 ξόν
396 1877 566 1967 Ἀατυόγιι
580 1878 771 1970 παρατάξεις
778 1909 790 1964 ,·
819 1881 1028 1970 κρατήσαντες
1051 1885 1086 1948 δὲ
1111 1883 1166 1948 καί
1186 1880 1215 1948 οἱ
1235 1879 1391 1966 Περσικαί

302 1987 456 2074 ,βασιλεῖς
473 1975 556 2047 όκτώ
575 2005 611 2046 τε
630 1979 686 2046 καί
700 1979 798 2048 εἴκοσι
819 1980 873 2046 καί
889 1979 1033 2048 διακόσια
1046 1979 1119 2067 ἔτη,
1147 1978 1202 2046 καί
1213 1982 1320 2063 μέντοι
1336 1978 1392 2048 καί

316 2077 470 2167 ἧτοόταν
491 2073 575 2168 dags}
590 2079 766 2147 τελεώτατα
787 2075 935 2166 διεόρόη,
963 2081 1087 2168 στρατῷ
1103 2077 1239 2166 ἑαηλότη
1261 2076 1316 2144 καί
1330 2083 1392 2161 βα-

315 2186 402 2247 σιλεΐ
416 2176 568 2268 άλλοτρίρι
583 2181 804 2246 καταλυθεῖσα
822 2179 1025 2266 Ἀλέξανδρος
1041 2179 1101 2263 γάρ
1119 2176 1137 2243 ό
1155 2177 1314 2242 Φιλίππου
1322 2182 1392 2245 Δα-

316 2285 402 2364 ρεϊον
424 2271 609 2354 όποκτείνας
629 2273 685 2342 τόν
706 2271 893 2363 Ἀρσάμαν,
929 2273 985 2342 τόν
1006 2279 1156 2361 βασιλέα,
1192 2273 1247 2340 καί
1266 2271 1434 2342 duosam

316 2377 375 2466 τὴν
394 2376 543 2467 Περσίδα
556 2372 834 2464 coacervavimus
839 2427 851 2460 ,
871 2377 904 2454 ἐς
923 2374 1146 2462 Μακεδονικὴν
1166 2374 1207 2440 τό
1223 2375 1393 2463 πράγματα
1416 2413 1420 2430 ι

386 2555 412 2610 ³.
430 2555 513 2626 intpr.
523 2561 585 2626 post
594 2552 683 2625 Σαρδ.
699 2553 777 2608 addit
787 2555 837 2609 sut
854 2572 919 2626 ηαα,
936 2555 1014 2624 quasi
1024 2553 1133 2624 legisset
1149 2550 1199 2622 ἐφ’
1215 2537 1260 2609 οδ.
1295 2551 1319 2620 ί.
1338 2553 1391 2604 Βί-

384 2623 467 2681 λεσυς
485 2626 529 2690 u,
548 2626 683 2683 Βίλεσσνς
708 2627 778 2696 vulg.
819 2643 843 2695 η.
862 2621 880 2690 η’
897 2625 1107 2695 xaiit.‚1ntpr.
1127 2625 1253 2708 αυερκαλ
1268 2621 1337 2692 vulg.
1354 2651 1391 2662 --

388 2691 541 2746 Secundum
552 2693 705 2762 syncellum
728 2697 803 2764 1460.
872 2697 897 2749 8·
914 2695 945 2756 ἐξ
962 2685 997 2748 οδ
1015 2695 1063 2756 it,
1090 2693 1141 2766 ἀφ’
1159 2709 1193 2746 ou
1210 2691 1279 2760 vulg.
1332 2690 1392 2743 τάν

383 2759 501 2816 ἐκείνων
518 2764 547 2816 ii.
652 2784 690 2819 rr.
709 2765 937 2836 dssR.pr0d'as1.
1026 2761 1393 2836 rd-1ntpr.eumPsrsaie

387 2844 474 2898 esses,
491 2832 659 2908 Persicaeque
675 2836 806 2890 insuetas

318 2963 468 3021 vindicavit
504 2984 609 3038 suoque
636 2969 727 3039 generi
739 2970 854 3036 insevit,
886 2967 1176 3043 quemadmodumiiio
1191 2975 1219 3020 et
1237 2963 1391 3018 Alexander

317 3037 472 3105 Polyhistor
490 3040 636 3094 memoriae
655 3039 849 3109 prodiderunt,
876 3040 964 3094 donec
986 3040 1168 3108 Sardanapalo
1196 3044 1341 3106 regnum,
1359 3044 1393 3088 ut

317 3107 363 3160 iili
387 3106 523 3170 scribant,
548 3123 608 3162 cum
643 3109 697 3160 iam
718 3111 893 3164 emarcuisset
924 3111 1085 3180 imperium,
1111 3107 1226 3160 Arbaccs
1246 3106 1341 3158 idedns
1361 3115 1392 3160 st

317 3175 428 3244 Beiesys
445 3175 609 3244 Babylonius
628 3178 698 3231 iilud
715 3180 831 3246 Assyriis
849 3181 1021 3249 eripuerunt,
1046 3178 1187 3232 interiecto
1211 3177 1330 3246 ipsorum
1347 3192 1393 3228 re-

318 3261 361 3315 ge,
379 3253 409 3299 et
427 3245 463 3298 sd
478 3245 573 3300 Medos
591 3249 803 3312 transtulerunt,
829 3267 876 3302 sex
894 3257 923 3301 et
943 3251 1072 3302 trecentis
1089 3250 1142 3300 ism
1161 3263 1241 3329 supra
1262 3245 1337 3298 mille
1362 3252 1392 3298 et

318 3314 403 3384 paulo
421 3316 536 3384 amplius
561 3320 638 3370 annis
663 3318 777 3388 elapsis,
802 3335 835 3372 ex
861 3336 916 3392 quo
941 3320 1057 3389 primum
1080 3317 1164 3369 Ninus
1193 3315 1234 3368 rbi
1262 3333 1392 3368 summam

320 3399 411 3436 rerum
436 3385 600 3440 obtinuerat.
644 3388 685 3439 ita
712 3389 784 3440 euim
811 3388 917 3441 Ctesias
949 3389 1048 3442 Cnidio
1076 3396 1196 3456 tempora
1226 3384 1393 3438 describenti

320 3451 457 3508 Diodorus
483 3457 565 3508 etiam
592 3456 699 3510 Siculus
720 3458 873 3511 assentitur.
917 3457 992 3512 Medi
1009 3459 1101 3528 itaque
1126 3474 1230 3509 rursum
1249 3458 1393 3526 imperium

320 3531 385 3575 sunt
401 3523 511 3608 adepti,
529 3527 676 3597 omniaque
696 3527 815 3594 ipsorum
837 3529 945 3600 iegibus
964 3525 1207 3581 constituebantur.
1244 3527 1312 3578 Cum
1328 3543 1392 3578 vero

320 3593 405 3644 etium
430 3591 556 3648 bronnis
579 3613 635 3648 non
660 3597 748 3648 minus
776 3601 903 3651 trecentis
928 3599 1040 3666 imperio
1066 3603 1156 3648 csscnt
1179 3597 1280 3665 potiti,
1308 3596 1391 3662 Cyrus

321 3659 470 3730 Cambysae
488 3665 560 3717 iilius
578 3665 691 3736 Astyage
711 3665 849 3720 debellato
867 3669 901 3722 nd
921 3667 1010 3720 Persas
1023 3667 1166 3734 imperium
1184 3666 1309 3720 traduxit
1329 3664 1392 3732 Qun

319 3739 400 3798 pacto
427 3734 499 3785 enim
518 3734 547 3785 id
564 3751 620 3786 non
639 3743 696 3786 erat
713 3736 848 3800 secturus,
867 3755 927 3790 cum
945 3745 973 3789 et
998 3739 1077 3790 Persa
1097 3737 1156 3806 ipse
1174 3745 1243 3788 essct
1256 3735 1391 3802 indigena,

319 3799 455 3873 simulque
476 3802 564 3856 Medis
597 3803 717 3864 iniensns
742 3803 778 3856 ob
803 3809 907 3876 proelia
930 3823 989 3860 cum
1018 3808 1130 3876 Astyage
1169 3802 1283 3858 babitu?
1324 3801 1392 3854 Cum

319 3884 383 3922 sero
401 3872 482 3924 etium
504 3873 602 3926 Persici
619 3889 693 3944 reges
712 3877 789 3927 annis
809 3887 870 3930 octo
890 3886 918 3930 et
932 3877 1032 3946 viginti
1054 3893 1134 3946 supra
1159 3873 1287 3928 ducentos
1305 3873 1393 3940 inspe-

320 3948 440 4002 rassent‚
463 3943 547 3994 etiam
565 3941 661 3994 borum
680 3943 822 4012 imperium
868 3951 960 4000 cuitus
978 3955 1019 4000 est
1041 3947 1197 4004 collusum,
1224 3943 1257 3996 ab
1281 3951 1392 3994 externo

323 4009 442 4091 enercitu
466 4019 495 4065 et
518 4028 581 4082 rege
609 4012 762 4082 alienigena
788 4015 853 4068 dissr
876 4027 957 4072 atum.
1000 3961 1153 4070 Alexander
1174 4013 1247 4064 enim
1272 4011 1393 4080 Philippi

317 4076 391 4128 etrus
409 4079 553 4136 interiecto
569 4079 651 4134 Dario
668 4099 738 4152 rege,
756 4085 859 4138 Arsame
878 4087 947 4150 iilis,
964 4093 1076 4158 totaque
1095 4079 1203 4137 Perside
1220 4081 1339 4144 subacta.
1359 4079 1402 4144 ⁰⁸1„

316 4143 521 4204 lacedonioam
537 4149 764 4234 gubernetiouens
790 4171 832 4210 res
855 4158 1004 4214 transtulit
1040 4157 1081 4210 ita
1100 4153 1174 4210 enim
1194 4169 1285 4209 rerum
1309 4159 1401 4226 ρεται-
