3162 4956
318 269 388 344 vru
725 263 962 336 emmanu.

318 437 374 490 non
387 423 497 474 omnino
516 419 671 488 illepidum,
694 427 757 472 ante
777 421 875 474 multos
903 437 1002 486 aanor,
1027 437 1116 476 rerum
1142 423 1385 493 cognoscendarum

319 540 408 586 eausa,
425 538 540 594 eumque
554 522 682 574 memoria
697 529 821 592 repetens
841 520 910 588 raibl
922 521 1118 592 persuadebam
1130 525 1178 577 illa
1195 529 1310 592 ratione,
1331 547 1388 582 uon

319 626 406 689 excoli
425 623 535 696 quidem
560 632 642 694 atque
658 625 758 686 ornari,
778 633 961 677 verumtamen
979 627 1019 680 ita
1040 630 1136 698 corrigi
1151 647 1229 700 posse
1248 639 1287 696 ut,
1301 633 1389 704 spinis

321 737 403 802 atque
420 728 543 781 sentibus
558 728 664 791 evulsis,
681 726 746 779 satis
760 725 901 794 expeditus
915 728 1046 784 evaderet
1081 733 1146 800 Erat
1156 741 1245 788 adum
1260 735 1314 786 iam
1330 744 1389 788 tum

318 831 386 888 anibi
409 833 530 901 cognitus
553 838 635 901 atque
655 827 732 882 valde
757 845 832 880 carus
849 828 968 890 Ioannes
988 832 1152 901 Quatenus,
1171 835 1390 906 ilamburgensis,

320 935 369 1005 qui
390 932 587 996 HERMANNI,
611 932 662 984 riri
678 931 791 994 summi,
818 930 961 1000 disciplina
976 933 1130 1000 institutus,
1147 935 1201 990 hue
1221 949 1342 1003 venerat,
1359 947 1391 992 ut

322 1053 372 1098 nos
384 1052 503 1106 quoque,
517 1035 565 1106 qui
583 1034 612 1086 iu
630 1030 681 1084 bae
695 1033 844 1084 litterarum
858 1035 1033 1089 universitate
1046 1035 1203 1107 disciplinas
1213 1040 1390 1112 philologicos

321 1138 501 1208 explicamus,
519 1137 634 1190 audiret.
678 1137 757 1188 lluue
774 1152 822 1205 ego
843 1137 968 1188 iuvenem
991 1117 1143 1209 egregium,
1168 1157 1249 1214 quem
1264 1159 1337 1198 nune
1361 1145 1391 1204 lu

321 1222 499 1294 coutubernio
516 1249 598 1312 atque
611 1239 757 1294 domestica
774 1255 834 1290 sues
858 1239 1042 1294 familiaritate
1064 1245 1153 1298 virere
1176 1243 1295 1314 gaudeo,
1311 1261 1389 1316 roga-

320 1345 398 1410 bam,
417 1352 448 1398 ut
460 1343 601 1414 Agatbiam
614 1349 718 1396 attente
732 1341 899 1412 perlegeret,
924 1359 1047 1414 quaeque
1057 1346 1110 1414 ipsi
1126 1348 1157 1400 in
1174 1355 1293 1400 mentem
1311 1348 1389 1404 veni,-

321 1455 383 1501 rent
397 1453 552 1500 annotaret:
570 1443 639 1496 mihi
654 1448 726 1500 euim
740 1462 807 1515 opus
821 1423 939 1516 aggredi,¹
956 1455 1068 1516 propter
1082 1449 1251 1518 negotiorum
1261 1451 1390 1522 frequen-

320 1553 386 1604 tiam
395 1557 477 1621 utque
486 1547 622 1601 adversam
635 1565 689 1619 qus
700 1556 765 1601 tune
779 1547 921 1615 premebar
933 1549 1125 1613 valetudinem,
1137 1550 1259 1604 noudum
1270 1552 1390 1610 vacabat.

322 1655 400 1708 Fecit
420 1655 443 1706 is
459 1653 535 1723 quod
551 1651 693 1722 rapiebam
709 1653 768 1704 siue
783 1667 857 1704 mora
872 1665 904 1703 aa
916 1651 996 1706 valde
1012 1652 1123 1706 sedulos
1152 1654 1264 1724 eiusque
1284 1653 1391 1708 selredis

281 1801 283 1808 .
322 1757 438 1826 aeeeptis
454 1757 513 1826 ipse
532 1755 671 1826 Agathinus
686 1760 810 1812 accurate
828 1754 1006 1808 evolvendum
1022 1757 1138 1824 sumpsi:
1163 1757 1297 1828 plurima,
1320 1773 1390 1826 qnae

323 1858 512 1914 emendatione
525 1858 663 1930 persuassi
674 1865 794 1926 possent,
811 1875 827 1910 a
840 1859 966 1911 Classeuo
976 1859 1030 1911 rite
1043 1867 1185 1928 perspecta
1198 1857 1389 1928 animadverti:

323 1962 455 2035 qsmedam
479 1962 641 2032 improbavi:
657 1977 713 2013 nou
728 1977 814 2032 pauca
833 1977 902 2032 ursae
915 1961 966 2013 ille
986 1976 1043 2014 nou
1058 1963 1190 2031 attigisset
1205 1963 1308 2014 eorreai
1323 1965 1390 2032 ipse.

257 2125 260 2138 Ι
324 2063 385 2134 Qus
400 2065 444 2118 via
457 2067 600 2136 ingressus,
616 2063 752 2134 prioribus
760 2064 837 2116 libris
851 2064 996 2134 diligenter
1014 2066 1140 2127 exeussis,
1160 2081 1243 2136 quum
1254 2081 1300 2118 eos
1311 2068 1391 2136 peius¹

322 2169 403 2238 louge
416 2186 496 2239 quam
507 2177 586 2220 antea
607 2170 783 2239 cogitaveram
798 2183 828 2219 se
846 2165 948 2220 babere
974 2169 1169 2237 perspicerem,
1194 2169 1391 2239 nequeullum

322 2287 356 2324 ex
374 2269 451 2324 libris
469 2271 619 2324 subsidium
635 2271 727 2336 aderat
740 2277 888 2340 praeterea
901 2286 981 2342 quae,
1000 2287 1080 2324 suasu
1096 2287 1170 2336 meo,
1188 2285 1204 2322 e
1219 2271 1303 2324 Suida
1323 2287 1389 2331 con-

321 2380 438 2442 gesserat
454 2371 614 2437 classenm,
637 2373 790 2433 versionem
812 2373 941 2424 Personae
958 2390 1089 2444 quaerere
1103 2375 1200 2444 coepi,
1217 2390 1285 2444 quse
1305 2377 1393 2428 iustas

321 2473 423 2530 eedieis
440 2485 517 2544 esset
554 2476 617 2528 Eum
633 2477 703 2526 milri
716 2489 749 2540 ex
762 2474 930 2528 bibliotheca
949 2477 1079 2548 gymnasii
1099 2475 1269 2536 coloniensis
1289 2493 1389 2546 suppe-

321 2577 419 2643 ditavit
437 2575 590 2630 hamanitas
609 2575 785 2642 eruditissimi
807 2573 988 2639 Bimbaumii:
1013 2583 1095 2646 atque
1115 2572 1168 2624 boe
1184 2581 1293 2645 seeepto
1316 2577 1390 2632 libro

320 2695 420 2734 novum
444 2680 535 2735 lumen
553 2693 652 2744 operae
674 2683 782 2728 nostrae
807 2675 916 2740 affulsit.
955 2675 1013 2724 Etsi
1030 2675 1103 2726 enim
1120 2673 1202 2740 homo
1224 2693 1280 2730 uon
1300 2681 1389 2744 miuus

320 2780 434 2836 stolidus
452 2797 532 2853 qnam
555 2779 730 2848 indoctusita
742 2777 826 2830 vertit
847 2785 879 2828 ut
899 2775 1022 2843 plurimis
1047 2777 1212 2846 singularum
1231 2783 1388 2850 paginarum

319 2887 386 2938 loeis
404 2885 505 2936 insulse
523 2883 683 2936 delirantem
698 2880 792 2934 audire
806 2877 936 2931 rideariss
950 2905 982 2918 ··-
1004 2878 1105 2950 quippe
1117 2881 1165 2950 qui
1181 2880 1216 2932 da
1228 2899 1317 2950 seusu,
1334 2903 1390 2938 non

320 2987 407 3053 diuam
414 2987 552 3058 probabili
567 2986 616 3040 sed
626 2987 692 3050 ullo,
709 2985 820 3048 minime
834 2981 966 3037 sollicitus
986 2990 1071 3036 esset:
1085 3009 1113 3024 -
1128 2983 1227 3037 babuit
1237 2993 1328 3040 tamen
1341 2989 1389 3042 ille

320 3100 382 3145 aute
405 3093 499 3154 oeulos
520 3092 640 3146 eodleem
660 3091 742 3158 plane
757 3088 905 3158 egregiam,
922 3084 998 3142 caius
1013 3085 1096 3140 verba
1112 3087 1216 3157 singula
1238 3092 1388 3160 exprimere

319 3213 398 3265 saepe
411 3195 531 3250 tentavit
549 3197 644 3268 ltaque
656 3193 758 3260 multae
773 3189 985 3252 emendationes,
998 3205 1082 3260 quum
1097 3189 1218 3247 Classeni
1232 3199 1291 3244 tom
1302 3209 1387 3256 meae,

319 3298 367 3366 iilo
390 3305 497 3353 auctore
521 3297 708 3366 comprobatae
722 3303 803 3348 sunt:
834 3291 864 3346 id
875 3309 939 3345 vero
958 3291 1080 3362 inprimis
1095 3301 1197 3362 gratum
1211 3302 1285 3358 erat,
1303 3295 1387 3366 qued,

319 3419 387 3472 quae
404 3402 433 3452 in
449 3401 576 3454 Vulcanii
593 3401 686 3454 codiee
702 3397 868 3464 exciderunt,
885 3395 935 3448 ubi
954 3401 1002 3447 sut
1016 3395 1099 3452 verba
1119 3405 1167 3450 aut
1184 3397 1298 3450 inuisum
1313 3399 1386 3456 iate-

318 3521 393 3574 grum
409 3503 501 3556 deesse
512 3505 638 3569 videram,
656 3507 695 3558 ita
706 3502 778 3574 apud
786 3504 926 3555 Personam
941 3499 1068 3552 translata
1077 3498 1249 3558 inveniebam
1258 3539 1266 3565 ,
1284 3511 1388 3556 utrm.

286 3609 291 3622 '
317 3624 377 3658 sum
388 3609 447 3682 siue
463 3611 519 3662 ulla
532 3607 703 3674 dubitatione
720 3616 848 3668 tenerem,
864 3602 947 3667 verba
962 3619 1023 3656 eum
1042 3601 1137 3672 aliqua
1152 3602 1388 3675 saltemprobsbi-

316 3709 395 3762 litate
411 3729 503 3780 gruem
518 3715 661 3776 restituere
675 3727 789 3781 possem.
809 3708 916 3779 Quibus
933 3703 1061 3771 subsidiis
1075 3705 1097 3764 si
1111 3715 1254 3766 contentus
1266 3708 1390 3788 fuissem!

317 3819 345 3866 et
368 3813 438 3878 liber
459 3815 511 3869 ism
534 3815 578 3868 edi
596 3824 702 3888 poterat
726 3815 865 3884 aliquanto
890 3809 1074 3876 emendatius,
1096 3816 1126 3860 et
1146 3809 1305 3866 mustellam
1321 3811 1389 3866 inde

316 3915 429 3982 sortasse
448 3918 618 3992 abstulissem
631 3920 770 3976 doetrinae
784 3927 867 3990 atque
882 3914 1013 3966 aeumiuir
1027 3909 1145 3968 laudens.
1179 3911 1279 3964 Verum
1296 3913 1386 3965 euim-

315 4031 379 4071 vero
397 4035 481 4090 mum
500 4039 533 4074 ex
547 4023 703 4077 Leunelavii
725 4023 895 4094 praelatione
917 4017 952 4069 ad
971 4015 1120 4068 editionem
1140 4015 1271 4068 versionis
1289 4017 1387 4079 Perso-⁷

315 4137 366 4192 pse
380 4123 559 4198 basileensem
576 4129 772 4198 perspexissem
794 4139 875 4196 quam
888 4123 967 4193 laage
984 4117 1068 4186 eudes
1085 4114 1288 4202 babtismum
1304 4135 1384 4188 prtu-
