3162 4956
645 565 1093 635 ΠΡΟΟΙΜΙΟΝ.

188 772 326 830 Ed.Par.1
386 773 462 840 αλὰν
480 773 540 855 μέν
559 797 592 838 τι
608 774 718 858 χρῆμα
737 767 793 836 καί
820 762 975 850 εὔδαιμον
994 780 1079 837 νῖκαι
1097 775 1241 855 πολέμων
1260 777 1315 840 καί
1332 771 1405 862 τρό-

187 875 436 955 adventuum,
467 870 587 937 πόλεσίν
612 895 646 935 τε
675 869 852 948 ἄνοικοσμοί
874 867 930 932 καί
952 867 1164 952 ἅγλαλσματα,
1193 871 1248 936 καί
1275 869 1398 938 ἅπαντα

333 970 437 1038 «iudea
454 969 575 1052 μεγάλα
591 991 626 1034 τε
645 970 700 1032 καί
716 966 889 1048 οἷξιᾰγαστα
913 964 997 1052 ἔργα.
1018 971 1166 1035 τοῦτοδὲ
1186 969 1241 1034 καί
1260 969 1300 1036 rai
1322 970 1407 1035 τοιά-

334 1072 369 1134 δε
385 1067 479 1145 δόξαν
491 1071 551 1148 μέν
565 1091 636 1132 τινα
660 1067 714 1130 κατ’
734 1061 846 1148 ἡδονὴν
865 1072 927 1140 τοὶς
944 1072 1148 1150 κτησαμένοις
1173 1067 1282 1151 ἐπάγει
1288 1119 1298 1149 ,
1328 1069 1407 1132 ἀπσ-

333 1171 442 1250 aanor»
464 1167 499 1229 δὲ
526 1159 635 1238 παλτοῖς
657 1161 712 1226 καί
733 1163 833 1226 ἐκεῖσε
860 1163 1034 1244 οἰχομένοις
1053 1157 1121 1229 οὔτε
1138 1165 1225 1246 μάλα
1243 1166 1427 1242 ἕθίλουσινό

334 1265 476 1342 ἕπεσθαι,
498 1259 577 1325 ἀλλὰ
593 1261 648 1324 καί
664 1256 748 1342 λήθη
763 1261 1006 1344 παρεμπεσοῦσα
1019 1261 1220 1326 ἐπικαλύπτει
1235 1265 1291 1326 καί
1304 1287 1408 1348 παρα-

276 1362 442 1445 Ρ.9τρε’πει
457 1357 514 1434 τὰς
530 1358 658 1441 ἀληθεῖς
679 1357 742 1420 τῶν
765 1355 907 1440 πράξεων
924 1356 1111 1438 ἀποβάσεις·
1131 1351 1193 1444 it»,
1213 1361 1247 1436 δὲ
1268 1363 1323 1424 καί
1345 1361 1409 1424 τῶν

339 1459 556 1538 ἐπισταμένων
572 1456 806 1538 οἶποβιοδντων,
828 1453 945 1537 οἴχεται
962 1455 1016 1518 καί
1032 1457 1248 1544 διαδιδράσκει
1265 1459 1409 1542 ἡγνῶσις

334 1555 395 1622 οὐν
419 1551 528 1630 παλτοῖς
550 1555 750 1636 σβεννυμένη.
781 1549 881 1628 οὕτως
905 1546 968 1638 ἄρα
1000 1554 1107 1639 μνήμη
1134 1556 1235 1640 γυμνή
1260 1551 1409 1641 ἀνόνητόν

334 1681 367 1720 τι
393 1651 448 1718 καί
474 1653 511 1716 ori
537 1651 689 1733 μόνιμον,
711 1652 786 1714 οὐδὲ
813 1653 855 1736 τῷ
878 1655 987 1739 μακρῷ
1004 1657 1250 1719 συνεκτεινεσθαι
1272 1659 1452 1740 admoneare

335 1742 1410 1839 fflmmmmffimhmfflwmwmffla

273 1843 275 1852 ⁴
335 1839 1412 1932 fflwmdfflmfflmQffimfflmmdfflmffiQdmi

314 1944 467 2032 Βσφόδρα
496 1947 628 2028 μέγιστα
657 1943 823 2030 δράσαιεν,
843 1952 1061 2010 συναπολεῖται
1074 1943 1108 2010 τὸ
1127 1950 1213 2020 κλίος
1233 1941 1337 2022 αὐτοῖς
1357 1949 1412 2008 καί

341 2043 587 2130 διαρῥυήσεται,
615 2044 701 2130 μόνῳ
728 2046 771 2130 τῷ
795 2042 852 2130 βίιρ
881 2043 985 2107 οὔτῶν
1005 2045 1284 2130 ἔκμεμετρημὲνον·
1314 2045 1345 2107 εί
1364 2043 1411 2126 μή

336 2168 401 2223 τις,
423 2142 466 2216 ὥς
486 2140 586 2223 ἔοικε,
607 2145 680 2205 θεία
700 2141 877 2225 προμήθεια
892 2137 927 2204 τὸ
950 2135 1080 2218 ἀσθενὲς
1095 2146 1147 2226 τῆς
1163 2144 1288 2227 φύσεως
1313 2140 1453 2225 dauri-15

340 2237 487 2324 ρωννῦσα
514 2237 554 2304 τὰ
572 2243 607 2304 ἐκ
632 2243 688 2322 τῆς
716 2236 856 2324 ἱστορίας
871 2235 1070 2322 ἐπεισήγαγεν
1088 2239 1194 2323 otyor&
1212 2239 1267 2304 καί
1283 2237 1340 2314 atr
1361 2239 1412 2302 ἔν-

337 2338 430 2401 atras
447 2339 584 2410 ἐλπίδας.
626 2337 665 2398 ου’
679 2333 738 2421 γὰρ
760 2332 848 2416 οἶμαι
867 2339 988 2400 κοτίνου
1005 2361 1039 2418 γε
1057 2340 1144 2401 ἓνεκα
1169 2336 1223 2400 καί
1242 2339 1362 2400 σελίνου
1382 2334 1412 2400 οἱ

333 2427 570 2516 Ὀλυμπιονῖκαι
587 2435 630 2518 ἓν.
640 2441 709 2509 ταῖς
725 2435 901 2518 terebrante
922 2432 1138 2515 ἐναπεδίοντο,
1158 2427 1276 2498 οὐδἀὖ
1291 2433 1320 2498 oi
1335 2435 1411 2516 o'yo-

411 2562 432 2595 ι.
451 2543 587 2612 aemonii.
644 2559 682 2596 ro.
703 2545 935 2597 σανεκτείνεσδαι
953 2543 992 2602 a,
1011 2544 1094 2610 iutpr.
1113 2543 1240 2605 extendi,
1271 2547 1413 2594 συνεκτεί-

406 2627 468 2666 νειν
484 2612 553 2680 vulg.
589 2612 703 2680 πέφυκε
721 2603 1064 2679 τυ15.,’νέριελκυστικόν
1084 2612 1108 2663 λι.
1119 2614 1136 2663 1.
1156 2620 1185 2662 et
1201 2611 1297 2680 passim
1317 2613 1410 2664 addidi

408 2697 441 2732 ex
459 2683 488 2736 ii.
543 2697 579 2731 rr.
600 2676 616 2743 ἢ
634 2679 818 2752 πατρίδοςῐλ.,
839 2681 921 2749 lntpr.
938 2699 990 2751 pro
1006 2682 1103 2753 patria
1110 2721 1121 2746 ,
1140 2683 1212 2752 vulg.
1230 2681 1246 2746 ἢ
1263 2685 1311 2732 καλ
1327 2697 1410 2754 πατρ.

411 2751 449 2802 15.
467 2747 657 2821 ιίναρρῖοονῦσα
673 2753 705 2804 ii.

671 2912 1082 2978 PRAEFATIO.

340 3009 496 3114 Praeclara
515 3059 647 3130 quaedam
669 3068 698 3112 et
713 3059 793 3112 beata
810 3061 943 3129 possessio
970 3059 1075 3118 censeri
1094 3064 1184 3128 potest
1201 3061 1330 3116 victoriae
1349 3063 1412 3115 bei-

339 3129 429 3182 lorum
456 3138 484 3180 et
509 3130 652 3198 trophaea,
678 3129 758 3182 urber
776 3130 903 3182 conditae
922 3131 1004 3203 atque
1024 3133 1201 3192 instauratae,
1220 3149 1312 3184 omues
1331 3133 1412 3185 deni·

341 3215 395 3270 que
415 3215 525 3268 maguae
547 3200 774 3270 admirandaeque
793 3217 834 3252 res
851 3209 968 3269 gestae·
985 3202 1073 3270 Atque
1089 3199 1156 3250 haee
1173 3202 1283 3269 quidem
1303 3203 1411 3274 aliaque

341 3267 505 3322 eiuscemodi
523 3279 554 3322 ut
569 3272 686 3322 maxime
704 3271 815 3340 gloriam
832 3271 951 3341 aliquam
965 3273 1185 3338 voluptatemque
1202 3274 1257 3323 suis
1276 3287 1412 3337 possesso-

341 3338 416 3390 ribus
435 3337 574 3402 adieraut,
591 3356 670 3408 aegre
688 3348 778 3391 tamon
798 3357 843 3391 eos
863 3358 878 3392 e
897 3343 964 3392 vivia
982 3336 1143 3392 excedentes
1163 3343 1330 3393 comitantur.
1358 3342 1413 3394 Sed

341 3418 370 3459 et
388 3407 488 3460 oblivio
507 3409 688 3460 interveniens
707 3413 818 3460 otiuseat
834 3419 915 3480 atque
934 3409 1066 3462 subvertit
1083 3425 1159 3461 veros
1178 3419 1413 3478 rerumgestarum

340 3487 469 3542 eventus,
499 3486 526 3528 et
549 3495 609 3529 enan
633 3480 653 3530 ii
673 3480 725 3546 ipsi
746 3479 793 3549 qui
818 3497 863 3531 eor
886 3489 986 3532 norunt
1003 3483 1091 3530 vivere
1109 3479 1266 3542 desierunt,
1284 3485 1413 3534 emoritur

341 3549 422 3600 etiarn
441 3555 522 3615 atque
540 3551 674 3600 evanescit
691 3565 744 3600 una
762 3565 821 3600 curu
840 3550 905 3618 ipsis
923 3549 1080 3601 homiuibus
1096 3565 1288 3601 rerumrerum
1306 3553 1410 3603 nautia

342 3619 403 3686 Quo
422 3617 468 3678 iit,
487 3625 517 3666 ut
529 3618 600 3670 nuda
615 3621 743 3670 memoria
758 3618 858 3670 fluxum
876 3619 1005 3688 quiddam
1019 3635 1166 3688 parumque
1180 3620 1285 3671 firmum
1299 3623 1344 3683 sit,
1361 3637 1412 3672 ne-

342 3705 394 3756 que
413 3688 540 3754 temporis
559 3687 764 3740 diuturnitatem
777 3687 851 3740 ferat
889 3689 983 3758 Neque
1001 3707 1063 3740 vero
1081 3690 1198 3756 putarim
1218 3688 1347 3760 quosdam
1366 3699 1414 3744 aut

341 3757 461 3824 pericula
479 3773 527 3823 pro
546 3760 631 3826 patria
650 3758 779 3820 aditurus,
801 3767 847 3809 aut
864 3759 931 3812 alios
945 3759 1049 3812 laborer
1065 3768 1234 3825 suscepturos
1245 3759 1337 3820 iuirse,
1351 3775 1413 3812 cuna

343 3827 450 3888 aeirem,
464 3829 635 3896 quantumvis
648 3828 776 3878 maximas
794 3846 835 3880 res
852 3831 1013 3897 gessissent,
1031 3829 1178 3898 perituram
1195 3845 1248 3879 una
1270 3844 1330 3878 cunr
1347 3827 1414 3896 ipsis

343 3903 426 3964 atque
446 3899 618 3948 emorituram
634 3913 740 3948 omnem
765 3913 856 3948 earum
877 3899 1003 3967 gloriata,
1022 3899 1078 3950 sola
1095 3900 1213 3967 ipsorum
1228 3899 1284 3948 vita
1299 3899 1415 3948 circurn-

344 3965 485 4034 scriptam,
503 3967 556 4016 nisi
570 3965 719 4034 quaedam,
737 3967 776 4017 uti
794 3977 919 4034 apparet,
936 3969 1028 4021 divina
1043 3967 1214 4038 providentia
1229 3973 1341 4018 naturae
1361 3965 1416 4018 bn-

344 4049 442 4086 manae
470 4035 672 4088 iiuxibiiitateru
699 4035 827 4099 iniciens,
844 4034 974 4092 historiae
992 4039 1112 4101 bonurn,
1129 4053 1252 4109 quaeque
1269 4053 1303 4088 ex
1320 4053 1352 4088 ea
1371 4038 1416 4088 af-

345 4103 446 4172 fulget,
468 4122 544 4172 sporn
563 4113 634 4156 esset
651 4106 770 4174 elargita.
796 4105 890 4174 Neque
910 4110 999 4169 eninr,
1019 4109 1152 4170 arbitror,
1170 4107 1344 4160 oleastriaut
1359 4108 1415 4176 apii

348 4187 426 4224 causa
448 4173 654 4246 olympionicen
677 4175 707 4230 io
729 4191 836 4228 arenam
860 4177 928 4232 nudi
956 4177 1175 4242 descendebant,
1198 4193 1287 4248 neque
1310 4193 1417 4230 tortura
