<?xml version="1.0" encoding="UTF-8"?>
<!DOCTYPE html PUBLIC "-//W3C//DTD XHTML 1.0 Transitional//EN"
    "http://www.w3.org/TR/xhtml1/DTD/xhtml1-transitional.dtd">
<html xmlns="http://www.w3.org/1999/xhtml" xml:lang="en" lang="en">
 <head>
  <title>
</title>
<meta http-equiv="Content-Type" content="text/html;charset=utf-8" />
  <meta name='ocr-system' content='tesseract 3.04.00' />
  <meta name='ocr-capabilities' content='ocr_page ocr_carea ocr_par ocr_line ocrx_word'/>
</head>
<body>
  <div class='ocr_page' id='page_1' title='image "agathiaemyrinae01niebgoog_0147.png"; bbox 0 0 3162 4920; ppageno 0'>
   <div class='ocr_carea' id='block_1_1' title="bbox 320 167 959 268">
    <p class='ocr_par' dir='ltr' id='par_1_1' title="bbox 320 167 959 268">
     <span class='ocr_line' id='line_1_1' title="bbox 320 167 959 268; baseline -0.009 0"><span class='ocrx_word' id='word_1_1' title='bbox 320 167 400 268; x_wconf 78' lang='lat' dir='ltr'><strong>sot</strong></span> <span class='ocrx_word' id='word_1_2' title='bbox 748 193 959 264; x_wconf 73' lang='lat' dir='ltr'><strong>susumus</strong></span> 
     </span>
    </p>
   </div>
   <div class='ocr_carea' id='block_1_2' title="bbox 175 343 1427 2638">
    <p class='ocr_par' dir='ltr' id='par_1_2' title="bbox 175 343 1389 432">
     <span class='ocr_line' id='line_1_2' title="bbox 175 343 1389 432; baseline 0 -12"><span class='ocrx_word' id='word_1_3' title='bbox 175 359 244 420; x_wconf 62' lang='lat' dir='ltr'><strong>tc.</strong></span> <span class='ocrx_word' id='word_1_4' title='bbox 262 361 310 430; x_wconf 71' lang='lat'><strong>554</strong></span> <span class='ocrx_word' id='word_1_5' title='bbox 320 369 352 412; x_wconf 90' lang='grc' dir='ltr'><strong>τε</strong></span> <span class='ocrx_word' id='word_1_6' title='bbox 372 347 513 414; x_wconf 69' lang='grc' dir='ltr'><strong><em>όνταόθα</em></strong></span> <span class='ocrx_word' id='word_1_7' title='bbox 529 353 710 420; x_wconf 68' lang='grc' dir='ltr'><strong>καταλιπεῖν</strong></span> <span class='ocrx_word' id='word_1_8' title='bbox 729 352 786 414; x_wconf 83' lang='lat' dir='ltr'><strong>sosi</strong></span> <span class='ocrx_word' id='word_1_9' title='bbox 801 346 925 432; x_wconf 67' lang='lat' dir='ltr'><strong>sipritus,</strong></span> <span class='ocrx_word' id='word_1_10' title='bbox 945 345 1000 414; x_wconf 81' lang='lat' dir='ltr'><strong>sni</strong></span> <span class='ocrx_word' id='word_1_11' title='bbox 1014 343 1118 416; x_wconf 73' lang='grc' dir='ltr'><strong><em>τιόννν</em></strong></span> <span class='ocrx_word' id='word_1_12' title='bbox 1133 350 1261 418; x_wconf 72' lang='grc' dir='ltr'><strong><em>ἐνθένδε</em></strong></span> <span class='ocrx_word' id='word_1_13' title='bbox 1274 348 1310 419; x_wconf 89' lang='grc' dir='ltr'><strong>τό</strong></span> <span class='ocrx_word' id='word_1_14' title='bbox 1325 353 1389 420; x_wconf 75' lang='grc' dir='ltr'><strong>τῶν</strong></span> 
     </span>
    </p>

    <p class='ocr_par' dir='ltr' id='par_1_3' title="bbox 203 433 1389 536">
     <span class='ocr_line' id='line_1_3' title="bbox 203 433 1389 536; baseline 0.003 -26"><span class='ocrx_word' id='word_1_15' title='bbox 203 433 303 489; x_wconf 52' lang='lat'><strong>1¹³⁸</strong></span> <span class='ocrx_word' id='word_1_16' title='bbox 314 444 450 528; x_wconf 80' lang='grc' dir='ltr'><strong><em>Κόλχων</em></strong></span> <span class='ocrx_word' id='word_1_17' title='bbox 469 445 661 531; x_wconf 73' lang='grc' dir='ltr'><strong><em>κατάγεσθαι</em></strong></span> <span class='ocrx_word' id='word_1_18' title='bbox 680 449 781 532; x_wconf 85' lang='grc' dir='ltr'><strong><em>γένος.</em></strong></span> <span class='ocrx_word' id='word_1_19' title='bbox 802 451 893 512; x_wconf 81' lang='grc' dir='ltr'><strong><em>τοῦτο</em></strong></span> <span class='ocrx_word' id='word_1_20' title='bbox 911 448 946 511; x_wconf 77' lang='grc' dir='ltr'><strong>δὲ</strong></span> <span class='ocrx_word' id='word_1_21' title='bbox 963 443 1122 533; x_wconf 83' lang='grc' dir='ltr'><strong><em>Διόδωρός</em></strong></span> <span class='ocrx_word' id='word_1_22' title='bbox 1138 450 1173 513; x_wconf 82' lang='grc' dir='ltr'><strong>τό</strong></span> <span class='ocrx_word' id='word_1_23' title='bbox 1192 447 1315 536; x_wconf 83' lang='grc' dir='ltr'><strong><em>φησινό</em></strong></span> <span class='ocrx_word' id='word_1_24' title='bbox 1332 453 1389 513; x_wconf 79' lang='grc' dir='ltr'><strong>Σι-</strong></span> 
     </span>
    </p>

    <p class='ocr_par' dir='ltr' id='par_1_4' title="bbox 313 539 1386 635">
     <span class='ocr_line' id='line_1_4' title="bbox 313 539 1386 635; baseline 0.001 -23"><span class='ocrx_word' id='word_1_25' title='bbox 313 542 459 629; x_wconf 79' lang='grc' dir='ltr'><strong><em>κελιώτης</em></strong></span> <span class='ocrx_word' id='word_1_26' title='bbox 479 544 533 610; x_wconf 75' lang='grc' dir='ltr'><strong><em>καλ</em></strong></span> <span class='ocrx_word' id='word_1_27' title='bbox 550 539 637 612; x_wconf 74' lang='lat' dir='ltr'><strong>istos</strong></span> <span class='ocrx_word' id='word_1_28' title='bbox 653 547 696 624; x_wconf 76' lang='lat' dir='ltr'><strong>nic</strong></span> <span class='ocrx_word' id='word_1_29' title='bbox 711 551 850 612; x_wconf 82' lang='grc' dir='ltr'><strong><em>πλεῖστοι</em></strong></span> <span class='ocrx_word' id='word_1_30' title='bbox 870 547 933 611; x_wconf 78' lang='grc' dir='ltr'><strong>τῶν</strong></span> <span class='ocrx_word' id='word_1_31' title='bbox 949 549 1092 610; x_wconf 75' lang='grc' dir='ltr'><strong><em>παλαιάν</em></strong></span> <span class='ocrx_word' id='word_1_32' title='bbox 1129 544 1386 635; x_wconf 75' lang='grc' dir='ltr'><strong><em>όστοριογράφωνι</em></strong></span> 
     </span>
    </p>

    <p class='ocr_par' dir='ltr' id='par_1_5' title="bbox 314 637 1385 728">
     <span class='ocr_line' id='line_1_5' title="bbox 314 637 1385 728; baseline 0.002 -22"><span class='ocrx_word' id='word_1_33' title='bbox 314 643 349 708; x_wconf 75' lang='grc' dir='ltr'><strong>ολ</strong></span> <span class='ocrx_word' id='word_1_34' title='bbox 359 640 397 727; x_wconf 76' lang='grc' dir='ltr'><strong>δη</strong></span> <span class='ocrx_word' id='word_1_35' title='bbox 414 637 480 724; x_wconf 75' lang='grc' dir='ltr'><strong><em>οὖν,</em></strong></span> <span class='ocrx_word' id='word_1_36' title='bbox 493 642 554 708; x_wconf 82' lang='grc' dir='ltr'><strong><em>εἴτε</em></strong></span> <span class='ocrx_word' id='word_1_37' title='bbox 565 647 680 726; x_wconf 66' lang='lat' dir='ltr'><strong>Aulai,</strong></span> <span class='ocrx_word' id='word_1_38' title='bbox 697 641 758 709; x_wconf 80' lang='grc' dir='ltr'><strong><em>εἴτε</em></strong></span> <span class='ocrx_word' id='word_1_39' title='bbox 778 644 910 726; x_wconf 79' lang='grc' dir='ltr'><strong><em>Κόλχοι,</em></strong></span> <span class='ocrx_word' id='word_1_40' title='bbox 929 640 990 710; x_wconf 83' lang='grc' dir='ltr'><strong><em>εἴτε</em></strong></span> <span class='ocrx_word' id='word_1_41' title='bbox 1005 643 1175 728; x_wconf 76' lang='grc' dir='ltr'><strong><em>Αἰγύπτιοι</em></strong></span> <span class='ocrx_word' id='word_1_42' title='bbox 1181 645 1385 726; x_wconf 84' lang='grc' dir='ltr'><strong><em>μετανάσται,</em></strong></span> 
     </span>
    </p>

    <p class='ocr_par' dir='ltr' id='par_1_6' title="bbox 311 738 1404 831">
     <span class='ocr_line' id='line_1_6' title="bbox 311 738 1404 831; baseline 0 -23"><span class='ocrx_word' id='word_1_43' title='bbox 311 738 523 827; x_wconf 70' lang='grc' dir='ltr'><strong>περιμάχητοι</strong></span> <span class='ocrx_word' id='word_1_44' title='bbox 536 741 570 808; x_wconf 76' lang='grc' dir='ltr'><strong>ἐν</strong></span> <span class='ocrx_word' id='word_1_45' title='bbox 586 745 632 830; x_wconf 75' lang='grc' dir='ltr'><strong>τῷ</strong></span> <span class='ocrx_word' id='word_1_46' title='bbox 649 745 725 806; x_wconf 87' lang='grc' dir='ltr'><strong><em>καθ’</em></strong></span> <span class='ocrx_word' id='word_1_47' title='bbox 741 743 825 827; x_wconf 77' lang='grc' dir='ltr'><strong><em>ἡμᾶς</em></strong></span> <span class='ocrx_word' id='word_1_48' title='bbox 840 745 1018 828; x_wconf 79' lang='grc' dir='ltr'><strong><em>γεγένηνται</em></strong></span> <span class='ocrx_word' id='word_1_49' title='bbox 1032 743 1151 831; x_wconf 74' lang='grc' dir='ltr'><strong><em>χρόνῳ,</em></strong></span> <span class='ocrx_word' id='word_1_50' title='bbox 1171 741 1226 808; x_wconf 92' lang='grc' dir='ltr'><strong><em>καί</em></strong></span> <span class='ocrx_word' id='word_1_51' title='bbox 1246 742 1404 809; x_wconf 62' lang='lat' dir='ltr'><strong>uicturos&amp;</strong></span> 
     </span>
    </p>

    <p class='ocr_par' dir='ltr' id='par_1_7' title="bbox 312 837 1389 927">
     <span class='ocr_line' id='line_1_7' title="bbox 312 837 1389 927; baseline 0.002 -21"><span class='ocrx_word' id='word_1_52' title='bbox 312 837 380 906; x_wconf 82' lang='grc' dir='ltr'><strong><em>ὅσοι</em></strong></span> <span class='ocrx_word' id='word_1_53' title='bbox 396 841 510 923; x_wconf 81' lang='grc' dir='ltr'><strong><em>άγιόνες</em></strong></span> <span class='ocrx_word' id='word_1_54' title='bbox 528 843 582 925; x_wconf 81' lang='grc' dir='ltr'><strong><em>τῆς</em></strong></span> <span class='ocrx_word' id='word_1_55' title='bbox 595 840 715 906; x_wconf 77' lang='grc' dir='ltr'><strong><em>τούτων</em></strong></span> <span class='ocrx_word' id='word_1_56' title='bbox 729 865 764 924; x_wconf 89' lang='grc' dir='ltr'><strong>γε</strong></span> <span class='ocrx_word' id='word_1_57' title='bbox 785 843 874 906; x_wconf 75' lang='grc' dir='ltr'><strong><em>ἕκατι</em></strong></span> <span class='ocrx_word' id='word_1_58' title='bbox 891 840 1139 926; x_wconf 78' lang='grc' dir='ltr'><strong><em>καταβέβληνται</em></strong></span> <span class='ocrx_word' id='word_1_59' title='bbox 1152 841 1271 927; x_wconf 78' lang='grc' dir='ltr'><strong><em>χώρας.</em></strong></span> <span class='ocrx_word' id='word_1_60' title='bbox 1302 847 1389 908; x_wconf 88' lang='grc' dir='ltr'><strong><em>Χοσ-</em></strong></span> 
     </span>
    </p>

    <p class='ocr_par' dir='ltr' id='par_1_8' title="bbox 312 930 1387 1026">
     <span class='ocr_line' id='line_1_8' title="bbox 312 930 1387 1026; baseline -0.001 -23"><span class='ocrx_word' id='word_1_61' title='bbox 312 936 386 1026; x_wconf 86' lang='grc' dir='ltr'><strong><em>ρόης</em></strong></span> <span class='ocrx_word' id='word_1_62' title='bbox 404 961 438 1002; x_wconf 88' lang='grc' dir='ltr'><strong>τε</strong></span> <span class='ocrx_word' id='word_1_63' title='bbox 453 937 542 1025; x_wconf 81' lang='grc' dir='ltr'><strong>γάρὸ</strong></span> <span class='ocrx_word' id='word_1_64' title='bbox 560 941 698 1024; x_wconf 84' lang='grc' dir='ltr'><strong><em>Περσιόν</em></strong></span> <span class='ocrx_word' id='word_1_65' title='bbox 714 939 863 1024; x_wconf 79' lang='grc' dir='ltr'><strong><em>βασιλεὺς</em></strong></span> <span class='ocrx_word' id='word_1_66' title='bbox 886 930 947 1024; x_wconf 76' lang='grc' dir='ltr'><strong>ἤδη</strong></span> <span class='ocrx_word' id='word_1_67' title='bbox 965 938 1064 1004; x_wconf 85' lang='grc' dir='ltr'><strong><em>πολλά</em></strong></span> <span class='ocrx_word' id='word_1_68' title='bbox 1086 938 1142 1004; x_wconf 72' lang='grc' dir='ltr'><strong><em>καὶ</em></strong></span> <span class='ocrx_word' id='word_1_69' title='bbox 1162 940 1387 1026; x_wconf 78' lang='grc' dir='ltr'><strong><em>ἐπικαιρότατα</em></strong></span> 
     </span>
    </p>

    <p class='ocr_par' dir='ltr' id='par_1_9' title="bbox 310 1032 1387 1130">
     <span class='ocr_line' id='line_1_9' title="bbox 310 1032 1387 1130; baseline 0.004 -30"><span class='ocrx_word' id='word_1_70' title='bbox 310 1037 374 1102; x_wconf 77' lang='grc' dir='ltr'><strong>τῶν</strong></span> <span class='ocrx_word' id='word_1_71' title='bbox 397 1036 497 1126; x_wconf 71' lang='grc' dir='ltr'><strong><em>ἐκείνη</em></strong></span> <span class='ocrx_word' id='word_1_72' title='bbox 517 1037 646 1122; x_wconf 77' lang='grc' dir='ltr'><strong><em>χωρίων</em></strong></span> <span class='ocrx_word' id='word_1_73' title='bbox 672 1036 935 1124; x_wconf 80' lang='grc' dir='ltr'><strong><em>σφετερισάμενος</em></strong></span> <span class='ocrx_word' id='word_1_74' title='bbox 962 1041 1017 1104; x_wconf 77' lang='grc' dir='ltr'><strong><em>καὶ</em></strong></span> <span class='ocrx_word' id='word_1_75' title='bbox 1033 1043 1190 1122; x_wconf 78' lang='grc' dir='ltr'><strong><em>κατέχων,</em></strong></span> <span class='ocrx_word' id='word_1_76' title='bbox 1222 1041 1280 1109; x_wconf 77' lang='grc' dir='ltr'><strong>οὐκ</strong></span> <span class='ocrx_word' id='word_1_77' title='bbox 1311 1032 1387 1130; x_wconf 75' lang='grc' dir='ltr'><strong><em>ᾤετο</em></strong></span> 
     </span>
    </p>

    <p class='ocr_par' dir='ltr' id='par_1_10' title="bbox 262 1131 1425 1323">
     <span class='ocr_line' id='line_1_10' title="bbox 311 1131 1385 1222; baseline 0.002 -24"><span class='ocrx_word' id='word_1_78' title='bbox 311 1135 378 1200; x_wconf 81' lang='grc' dir='ltr'><strong><em>δεῖν</em></strong></span> <span class='ocrx_word' id='word_1_79' title='bbox 389 1139 545 1218; x_wconf 73' lang='grc' dir='ltr'><strong><em>μεθιέναι,</em></strong></span> <span class='ocrx_word' id='word_1_80' title='bbox 565 1133 644 1201; x_wconf 80' lang='grc' dir='ltr'><strong><em>ἀλλά</em></strong></span> <span class='ocrx_word' id='word_1_81' title='bbox 661 1135 715 1202; x_wconf 75' lang='grc' dir='ltr'><strong><em>καὶ</em></strong></span> <span class='ocrx_word' id='word_1_82' title='bbox 725 1135 765 1202; x_wconf 88' lang='grc' dir='ltr'><strong>τά</strong></span> <span class='ocrx_word' id='word_1_83' title='bbox 781 1133 874 1202; x_wconf 85' lang='grc' dir='ltr'><strong><em>λοιπά</em></strong></span> <span class='ocrx_word' id='word_1_84' title='bbox 889 1133 1110 1222; x_wconf 74' lang='grc' dir='ltr'><strong><em>χειρώσασθαι</em></strong></span> <span class='ocrx_word' id='word_1_85' title='bbox 1126 1141 1280 1220; x_wconf 77' lang='grc' dir='ltr'><strong><em>διενοεῖτο,</em></strong></span> <span class='ocrx_word' id='word_1_86' title='bbox 1297 1131 1385 1206; x_wconf 83' lang='grc' dir='ltr'><strong><em>Ἰοα-</em></strong></span> 
     </span>
     <span class='ocr_line' id='line_1_11' title="bbox 262 1233 1425 1323; baseline 0.002 -25"><span class='ocrx_word' id='word_1_87' title='bbox 262 1307 264 1312; x_wconf 83' lang='lat'><em>.</em></span> <span class='ocrx_word' id='word_1_88' title='bbox 310 1236 457 1322; x_wconf 75' lang='grc' dir='ltr'><strong><em>ατινιανρῖ</em></strong></span> <span class='ocrx_word' id='word_1_89' title='bbox 467 1258 501 1298; x_wconf 92' lang='grc' dir='ltr'><strong>τε</strong></span> <span class='ocrx_word' id='word_1_90' title='bbox 517 1237 561 1322; x_wconf 77' lang='grc' dir='ltr'><strong>τῷ</strong></span> <span class='ocrx_word' id='word_1_91' title='bbox 571 1233 741 1317; x_wconf 73' lang='grc' dir='ltr'><strong><em>Ῥωμαίων</em></strong></span> <span class='ocrx_word' id='word_1_92' title='bbox 756 1233 961 1323; x_wconf 75' lang='grc' dir='ltr'><strong><em>αὐτοκράτορι</em></strong></span> <span class='ocrx_word' id='word_1_93' title='bbox 975 1237 1209 1322; x_wconf 80' lang='grc' dir='ltr'><strong><em>καταπροέσθαι</em></strong></span> <span class='ocrx_word' id='word_1_94' title='bbox 1221 1239 1252 1304; x_wconf 88' lang='grc' dir='ltr'>Γ</span> <span class='ocrx_word' id='word_1_95' title='bbox 1251 1235 1425 1321; x_wconf 82' lang='grc' dir='ltr'><strong><em>ονβάζηνιο</em></strong></span> 
     </span>
    </p>

    <p class='ocr_par' dir='ltr' id='par_1_11' title="bbox 215 1328 1387 1421">
     <span class='ocr_line' id='line_1_12' title="bbox 215 1328 1387 1421; baseline -0.001 -22"><span class='ocrx_word' id='word_1_96' title='bbox 215 1356 242 1410; x_wconf 75' lang='lat'><strong>9,</strong></span> <span class='ocrx_word' id='word_1_97' title='bbox 267 1331 365 1414; x_wconf 71' lang='lat' dir='ltr'><strong>50st</strong></span> <span class='ocrx_word' id='word_1_98' title='bbox 378 1335 498 1411; x_wconf 77' lang='grc' dir='ltr'><strong><em>Λαζῶν</em></strong></span> <span class='ocrx_word' id='word_1_99' title='bbox 511 1334 545 1397; x_wconf 78' lang='grc' dir='ltr'><strong>ἐν</strong></span> <span class='ocrx_word' id='word_1_100' title='bbox 557 1335 601 1421; x_wconf 76' lang='grc' dir='ltr'><strong>τῷ</strong></span> <span class='ocrx_word' id='word_1_101' title='bbox 615 1331 683 1398; x_wconf 86' lang='grc' dir='ltr'><strong><em>τότε</em></strong></span> <span class='ocrx_word' id='word_1_102' title='bbox 700 1334 852 1418; x_wconf 73' lang='grc' dir='ltr'><strong><em>βασιλέα,</em></strong></span> <span class='ocrx_word' id='word_1_103' title='bbox 873 1333 928 1400; x_wconf 79' lang='lat' dir='ltr'><strong>sai</strong></span> <span class='ocrx_word' id='word_1_104' title='bbox 941 1328 1025 1401; x_wconf 83' lang='grc' dir='ltr'><strong><em>άπαν</em></strong></span> <span class='ocrx_word' id='word_1_105' title='bbox 1043 1333 1077 1400; x_wconf 90' lang='grc' dir='ltr'><strong>τό</strong></span> <span class='ocrx_word' id='word_1_106' title='bbox 1097 1333 1198 1418; x_wconf 83' lang='grc' dir='ltr'><strong><em>ἔθνος,</em></strong></span> <span class='ocrx_word' id='word_1_107' title='bbox 1219 1333 1387 1419; x_wconf 83' lang='grc' dir='ltr'><strong><em>κατηκόους</em></strong></span> 
     </span>
    </p>

    <p class='ocr_par' dir='ltr' id='par_1_12' title="bbox 308 1421 1387 1516">
     <span class='ocr_line' id='line_1_13' title="bbox 308 1421 1387 1516; baseline -0.002 -18"><span class='ocrx_word' id='word_1_108' title='bbox 308 1424 401 1508; x_wconf 85' lang='grc' dir='ltr'><strong><em>όντας</em></strong></span> <span class='ocrx_word' id='word_1_109' title='bbox 427 1433 482 1496; x_wconf 98' lang='grc' dir='ltr'><strong><em>καί</em></strong></span> <span class='ocrx_word' id='word_1_110' title='bbox 505 1421 615 1506; x_wconf 73' lang='grc' dir='ltr'><strong><em>εὔνοος</em></strong></span> <span class='ocrx_word' id='word_1_111' title='bbox 634 1435 691 1498; x_wconf 78' lang='grc' dir='ltr'><strong><em>καί</em></strong></span> <span class='ocrx_word' id='word_1_112' title='bbox 702 1429 740 1498; x_wconf 83' lang='grc' dir='ltr'><strong>τά</strong></span> <span class='ocrx_word' id='word_1_113' title='bbox 760 1433 792 1510; x_wconf 84' lang='grc' dir='ltr'><strong>ἒς</strong></span> <span class='ocrx_word' id='word_1_114' title='bbox 823 1429 898 1498; x_wconf 88' lang='grc' dir='ltr'><strong><em>θεόν</em></strong></span> <span class='ocrx_word' id='word_1_115' title='bbox 929 1431 1165 1516; x_wconf 78' lang='grc' dir='ltr'><strong><em>ὁμογνώμονας,</em></strong></span> <span class='ocrx_word' id='word_1_116' title='bbox 1194 1427 1249 1496; x_wconf 83' lang='grc' dir='ltr'><strong>οόκ</strong></span> <span class='ocrx_word' id='word_1_117' title='bbox 1275 1428 1387 1496; x_wconf 77' lang='grc' dir='ltr'><strong><em>ἀνεκτά</em></strong></span> 
     </span>
    </p>

    <p class='ocr_par' dir='ltr' id='par_1_13' title="bbox 309 1522 1389 1617">
     <span class='ocr_line' id='line_1_14' title="bbox 309 1522 1389 1617; baseline -0.004 -19"><span class='ocrx_word' id='word_1_118' title='bbox 309 1529 409 1598; x_wconf 75' lang='grc' dir='ltr'><strong><em>ἐδόκει</em></strong></span> <span class='ocrx_word' id='word_1_119' title='bbox 428 1523 503 1594; x_wconf 73' lang='lat' dir='ltr'><strong>olus</strong></span> <span class='ocrx_word' id='word_1_120' title='bbox 524 1523 620 1596; x_wconf 80' lang='grc' dir='ltr'><strong><em>ὅσιον.</em></strong></span> <span class='ocrx_word' id='word_1_121' title='bbox 646 1533 768 1612; x_wconf 80' lang='grc' dir='ltr'><strong><em>μᾶλλον</em></strong></span> <span class='ocrx_word' id='word_1_122' title='bbox 782 1533 842 1614; x_wconf 81' lang='grc' dir='ltr'><strong>μὲν</strong></span> <span class='ocrx_word' id='word_1_123' title='bbox 857 1522 913 1596; x_wconf 75' lang='grc' dir='ltr'><strong>οὖν</strong></span> <span class='ocrx_word' id='word_1_124' title='bbox 928 1533 984 1598; x_wconf 92' lang='grc' dir='ltr'><strong><em>καί</em></strong></span> <span class='ocrx_word' id='word_1_125' title='bbox 1003 1533 1147 1617; x_wconf 75' lang='grc' dir='ltr'><strong><em>ἐπειρᾶτο</em></strong></span> <span class='ocrx_word' id='word_1_126' title='bbox 1163 1528 1265 1596; x_wconf 71' lang='grc' dir='ltr'><strong><em>παντὶ</em></strong></span> <span class='ocrx_word' id='word_1_127' title='bbox 1281 1533 1389 1596; x_wconf 82' lang='grc' dir='ltr'><strong><em>σθένει</em></strong></span> 
     </span>
    </p>

    <p class='ocr_par' dir='ltr' id='par_1_14' title="bbox 308 1625 1426 1817">
     <span class='ocr_line' id='line_1_15' title="bbox 309 1625 1387 1714; baseline -0.002 -19"><span class='ocrx_word' id='word_1_128' title='bbox 309 1629 500 1696; x_wconf 75' lang='grc' dir='ltr'><strong><em>ἀπώσασθαι</em></strong></span> <span class='ocrx_word' id='word_1_129' title='bbox 531 1627 574 1704; x_wconf 73' lang='grc' dir='ltr'><strong>ὥς</strong></span> <span class='ocrx_word' id='word_1_130' title='bbox 599 1627 730 1712; x_wconf 87' lang='grc' dir='ltr'><strong><em>τάχιστα</em></strong></span> <span class='ocrx_word' id='word_1_131' title='bbox 758 1625 832 1707; x_wconf 83' lang='grc' dir='ltr'><strong><em>τοός</em></strong></span> <span class='ocrx_word' id='word_1_132' title='bbox 862 1629 1035 1711; x_wconf 71' lang='grc' dir='ltr'><strong><em>πολεμίους.</em></strong></span> <span class='ocrx_word' id='word_1_133' title='bbox 1067 1628 1219 1712; x_wconf 70' lang='grc' dir='ltr'><strong><em>ἐλογίζετο</em></strong></span> <span class='ocrx_word' id='word_1_134' title='bbox 1243 1626 1302 1714; x_wconf 84' lang='grc' dir='ltr'><strong>γάρ</strong></span> <span class='ocrx_word' id='word_1_135' title='bbox 1331 1627 1387 1694; x_wconf 68' lang='lat' dir='ltr'><strong>scos*</strong></span> 
     </span>
     <span class='ocr_line' id='line_1_16' title="bbox 308 1724 1426 1817; baseline -0.001 -24"><span class='ocrx_word' id='word_1_136' title='bbox 308 1729 439 1808; x_wconf 76' lang='grc' dir='ltr'><strong><em>ἐδεδίει,</em></strong></span> <span class='ocrx_word' id='word_1_137' title='bbox 462 1725 505 1804; x_wconf 79' lang='grc' dir='ltr'><strong>ὥς</strong></span> <span class='ocrx_word' id='word_1_138' title='bbox 520 1728 550 1792; x_wconf 83' lang='grc' dir='ltr'><strong>εἰ</strong></span> <span class='ocrx_word' id='word_1_139' title='bbox 564 1729 608 1814; x_wconf 78' lang='grc' dir='ltr'><strong>τῷ</strong></span> <span class='ocrx_word' id='word_1_140' title='bbox 625 1731 747 1817; x_wconf 78' lang='grc' dir='ltr'><strong><em>πολέμῳ</em></strong></span> <span class='ocrx_word' id='word_1_141' title='bbox 770 1724 956 1813; x_wconf 65' lang='grc' dir='ltr'><strong><em>κρατήσαιεν</em></strong></span> <span class='ocrx_word' id='word_1_142' title='bbox 976 1725 1005 1792; x_wconf 85' lang='grc' dir='ltr'><strong>οἱ</strong></span> <span class='ocrx_word' id='word_1_143' title='bbox 1025 1729 1170 1812; x_wconf 77' lang='grc' dir='ltr'><strong><em>Πέρσαι,</em></strong></span> <span class='ocrx_word' id='word_1_144' title='bbox 1190 1725 1246 1792; x_wconf 73' lang='grc' dir='ltr'><strong><em>καὶ</em></strong></span> <span class='ocrx_word' id='word_1_145' title='bbox 1261 1724 1426 1811; x_wconf 72' lang='grc' dir='ltr'><strong><em>ἆπάσηςιὸ</em></strong></span> 
     </span>
    </p>

    <p class='ocr_par' dir='ltr' id='par_1_15' title="bbox 309 1820 1382 1912">
     <span class='ocr_line' id='line_1_17' title="bbox 309 1820 1382 1912; baseline -0.005 -20"><span class='ocrx_word' id='word_1_146' title='bbox 309 1821 504 1906; x_wconf 73' lang='grc' dir='ltr'><strong><em>ἔπιλάβοιπο</em></strong></span> <span class='ocrx_word' id='word_1_147' title='bbox 529 1826 585 1910; x_wconf 76' lang='grc' dir='ltr'><strong>τῆς</strong></span> <span class='ocrx_word' id='word_1_148' title='bbox 607 1823 734 1912; x_wconf 73' lang='grc' dir='ltr'><strong><em>χώρας,</em></strong></span> <span class='ocrx_word' id='word_1_149' title='bbox 764 1826 856 1892; x_wconf 77' lang='grc' dir='ltr'><strong><em>οὐδὲν</em></strong></span> <span class='ocrx_word' id='word_1_150' title='bbox 876 1823 963 1891; x_wconf 82' lang='grc' dir='ltr'><strong><em>ἔσται</em></strong></span> <span class='ocrx_word' id='word_1_151' title='bbox 981 1820 1015 1890; x_wconf 86' lang='grc' dir='ltr'><strong>τό</strong></span> <span class='ocrx_word' id='word_1_152' title='bbox 1034 1823 1155 1892; x_wconf 88' lang='grc' dir='ltr'><strong><em>κωλόον</em></strong></span> <span class='ocrx_word' id='word_1_153' title='bbox 1179 1820 1296 1902; x_wconf 76' lang='grc' dir='ltr'><strong><em>αὐτοῦς</em></strong></span> <span class='ocrx_word' id='word_1_154' title='bbox 1321 1821 1382 1888; x_wconf 78' lang='grc' dir='ltr'><strong><em>α’νά</em></strong></span> 
     </span>
    </p>

    <p class='ocr_par' dir='ltr' id='par_1_16' title="bbox 306 1913 1386 2008">
     <span class='ocr_line' id='line_1_18' title="bbox 306 1913 1386 2008; baseline -0.004 -18"><span class='ocrx_word' id='word_1_155' title='bbox 306 1919 360 1990; x_wconf 84' lang='grc' dir='ltr'><strong>τόν</strong></span> <span class='ocrx_word' id='word_1_156' title='bbox 377 1913 526 2001; x_wconf 79' lang='grc' dir='ltr'><strong><em>Εόξεινον</em></strong></span> <span class='ocrx_word' id='word_1_157' title='bbox 546 1919 657 1990; x_wconf 88' lang='grc' dir='ltr'><strong><em>πόντον</em></strong></span> <span class='ocrx_word' id='word_1_158' title='bbox 681 1923 781 2000; x_wconf 79' lang='grc' dir='ltr'><strong><em>άόειός</em></strong></span> <span class='ocrx_word' id='word_1_159' title='bbox 798 1923 1074 2006; x_wconf 80' lang='grc' dir='ltr'><strong><em>ναυτιλλομένους,</em></strong></span> <span class='ocrx_word' id='word_1_160' title='bbox 1095 1920 1136 1988; x_wconf 81' lang='grc' dir='ltr'><strong>τά</strong></span> <span class='ocrx_word' id='word_1_161' title='bbox 1162 1921 1309 1988; x_wconf 82' lang='grc' dir='ltr'><strong><em>ἕνόότατα</em></strong></span> <span class='ocrx_word' id='word_1_162' title='bbox 1330 1922 1386 2008; x_wconf 75' lang='grc' dir='ltr'><strong><em>τῆς</em></strong></span> 
     </span>
    </p>

    <p class='ocr_par' dir='ltr' id='par_1_17' title="bbox 304 2016 1387 2108">
     <span class='ocr_line' id='line_1_19' title="bbox 304 2016 1387 2108; baseline -0.002 -20"><span class='ocrx_word' id='word_1_163' title='bbox 304 2019 475 2102; x_wconf 77' lang='grc' dir='ltr'><strong><em>Ῥωμαίων</em></strong></span> <span class='ocrx_word' id='word_1_164' title='bbox 495 2016 596 2106; x_wconf 69' lang='grc' dir='ltr'><strong><em>ἀρχῆς</em></strong></span> <span class='ocrx_word' id='word_1_165' title='bbox 616 2020 807 2108; x_wconf 87' lang='grc' dir='ltr'><strong><em>άνιχνεόειν.</em></strong></span> <span class='ocrx_word' id='word_1_166' title='bbox 828 2022 986 2108; x_wconf 85' lang='grc' dir='ltr'><strong><em>τοιγάρτοι</em></strong></span> <span class='ocrx_word' id='word_1_167' title='bbox 1001 2017 1180 2108; x_wconf 83' lang='grc' dir='ltr'><strong><em>στράτευμά</em></strong></span> <span class='ocrx_word' id='word_1_168' title='bbox 1195 2044 1228 2086; x_wconf 85' lang='grc' dir='ltr'><strong>τε</strong></span> <span class='ocrx_word' id='word_1_169' title='bbox 1240 2021 1387 2104; x_wconf 83' lang='grc' dir='ltr'><strong><em>μέγιστον</em></strong></span> 
     </span>
    </p>

    <p class='ocr_par' dir='ltr' id='par_1_18' title="bbox 306 2112 1427 2307">
     <span class='ocr_line' id='line_1_20' title="bbox 306 2112 1387 2208; baseline 0 -24"><span class='ocrx_word' id='word_1_170' title='bbox 306 2117 363 2184; x_wconf 93' lang='grc' dir='ltr'><strong><em>καί</em></strong></span> <span class='ocrx_word' id='word_1_171' title='bbox 387 2112 604 2202; x_wconf 82' lang='grc' dir='ltr'><strong><em>άλκιμάτατον</em></strong></span> <span class='ocrx_word' id='word_1_172' title='bbox 627 2122 765 2198; x_wconf 76' lang='grc' dir='ltr'><strong><em>ἐνταῦθα</em></strong></span> <span class='ocrx_word' id='word_1_173' title='bbox 788 2117 914 2202; x_wconf 82' lang='grc' dir='ltr'><strong><em>ἔταξεν,</em></strong></span> <span class='ocrx_word' id='word_1_174' title='bbox 934 2118 990 2184; x_wconf 92' lang='grc' dir='ltr'><strong><em>καί</em></strong></span> <span class='ocrx_word' id='word_1_175' title='bbox 1013 2117 1203 2208; x_wconf 82' lang='grc' dir='ltr'><strong><em>οτρατηγοός</em></strong></span> <span class='ocrx_word' id='word_1_176' title='bbox 1220 2121 1387 2205; x_wconf 77' lang='grc' dir='ltr'><strong><em>ἐπέστησεν</em></strong></span> 
     </span>
     <span class='ocr_line' id='line_1_21' title="bbox 308 2213 1427 2307; baseline -0.002 -25"><span class='ocrx_word' id='word_1_177' title='bbox 308 2215 383 2294; x_wconf 77' lang='grc' dir='ltr'><strong>τούς</strong></span> <span class='ocrx_word' id='word_1_178' title='bbox 397 2213 552 2307; x_wconf 79' lang='grc' dir='ltr'><strong><em>άρίστοιις.</em></strong></span> <span class='ocrx_word' id='word_1_179' title='bbox 565 2220 691 2298; x_wconf 84' lang='grc' dir='ltr'><strong><em>Βέσσας</em></strong></span> <span class='ocrx_word' id='word_1_180' title='bbox 706 2215 805 2305; x_wconf 83' lang='grc' dir='ltr'><strong><em>τεγάρ</em></strong></span> <span class='ocrx_word' id='word_1_181' title='bbox 820 2216 876 2286; x_wconf 80' lang='grc' dir='ltr'><strong><em>καὶ</em></strong></span> <span class='ocrx_word' id='word_1_182' title='bbox 889 2223 1054 2306; x_wconf 81' lang='grc' dir='ltr'><strong><em>Μαρτῖνος</em></strong></span> <span class='ocrx_word' id='word_1_183' title='bbox 1069 2217 1125 2284; x_wconf 73' lang='grc' dir='ltr'><strong><em>καὶ</em></strong></span> <span class='ocrx_word' id='word_1_184' title='bbox 1138 2217 1262 2304; x_wconf 85' lang='grc' dir='ltr'><strong><em>Βοόζης</em></strong></span> <span class='ocrx_word' id='word_1_185' title='bbox 1275 2215 1427 2304; x_wconf 57' lang='grc' dir='ltr'><strong><em>ἡγήτορα</em></strong></span> 
     </span>
    </p>

    <p class='ocr_par' dir='ltr' id='par_1_19' title="bbox 280 2307 1386 2403">
     <span class='ocr_line' id='line_1_22' title="bbox 280 2307 1386 2403; baseline -0.001 -21"><span class='ocrx_word' id='word_1_186' title='bbox 280 2307 420 2403; x_wconf 49' lang='lat' dir='ltr'><strong>nituisse</strong></span> <span class='ocrx_word' id='word_1_187' title='bbox 453 2319 489 2383; x_wconf 82' lang='grc' dir='ltr'><strong>ἐν</strong></span> <span class='ocrx_word' id='word_1_188' title='bbox 522 2329 587 2395; x_wconf 82' lang='grc' dir='ltr'><strong><em>τοῖς</em></strong></span> <span class='ocrx_word' id='word_1_189' title='bbox 610 2318 746 2402; x_wconf 87' lang='grc' dir='ltr'><strong><em>μάλιστα</em></strong></span> <span class='ocrx_word' id='word_1_190' title='bbox 771 2320 966 2402; x_wconf 83' lang='grc' dir='ltr'><strong><em>γεγενημένοι</em></strong></span> <span class='ocrx_word' id='word_1_191' title='bbox 993 2321 1048 2384; x_wconf 83' lang='grc' dir='ltr'><strong>ιιαί</strong></span> <span class='ocrx_word' id='word_1_192' title='bbox 1076 2320 1228 2400; x_wconf 84' lang='grc' dir='ltr'><strong><em>πολέμους</em></strong></span> <span class='ocrx_word' id='word_1_193' title='bbox 1250 2314 1386 2400; x_wconf 85' lang='grc' dir='ltr'><strong><em>ονχνοός</em></strong></span> 
     </span>
    </p>

    <p class='ocr_par' dir='ltr' id='par_1_20' title="bbox 375 2424 1385 2500">
     <span class='ocr_line' id='line_1_23' title="bbox 375 2424 1385 2500; baseline -0.001 -19"><span class='ocrx_word' id='word_1_194' title='bbox 375 2430 402 2481; x_wconf 92' lang='grc'><strong>6.</strong></span> <span class='ocrx_word' id='word_1_195' title='bbox 422 2439 455 2495; x_wconf 84' lang='grc' dir='ltr'><strong>γε</strong></span> <span class='ocrx_word' id='word_1_196' title='bbox 473 2436 525 2480; x_wconf 81' lang='grc' dir='ltr'><strong><em>σοι.</em></strong></span> <span class='ocrx_word' id='word_1_197' title='bbox 544 2427 573 2480; x_wconf 90' lang='lat' dir='ltr'><strong>ll.</strong></span> <span class='ocrx_word' id='word_1_198' title='bbox 625 2425 706 2479; x_wconf 74' lang='grc' dir='ltr'><strong><em>ἕκατι</em></strong></span> <span class='ocrx_word' id='word_1_199' title='bbox 723 2431 817 2494; x_wconf 80' lang='grc' dir='ltr'><strong><em>καταβ.</em></strong></span> <span class='ocrx_word' id='word_1_200' title='bbox 828 2426 897 2498; x_wconf 73' lang='grc' dir='ltr'><strong><em>χωρ.</em></strong></span> <span class='ocrx_word' id='word_1_201' title='bbox 909 2427 948 2490; x_wconf 83' lang='lat' dir='ltr'><strong>lt,</strong></span> <span class='ocrx_word' id='word_1_202' title='bbox 960 2441 987 2494; x_wconf 86' lang='grc' dir='ltr'><strong>χ.</strong></span> <span class='ocrx_word' id='word_1_203' title='bbox 1006 2424 1196 2500; x_wconf 73' lang='grc' dir='ltr'><strong><em>ἕκ.κατ.ναΙρ.</em></strong></span> <span class='ocrx_word' id='word_1_204' title='bbox 1271 2443 1310 2480; x_wconf 92' lang='lat' dir='ltr'><strong>ss.</strong></span> <span class='ocrx_word' id='word_1_205' title='bbox 1328 2427 1385 2480; x_wconf 78' lang='grc' dir='ltr'><strong><em>ταῖν</em></strong></span> 
     </span>
    </p>

    <p class='ocr_par' dir='ltr' id='par_1_21' title="bbox 374 2493 1384 2566">
     <span class='ocr_line' id='line_1_24' title="bbox 374 2493 1384 2566; baseline 0 -16"><span class='ocrx_word' id='word_1_206' title='bbox 374 2495 478 2557; x_wconf 80' lang='grc' dir='ltr'><strong><em>Λαζῶν</em></strong></span> <span class='ocrx_word' id='word_1_207' title='bbox 495 2498 526 2552; x_wconf 86' lang='lat' dir='ltr'><strong>ll.</strong></span> <span class='ocrx_word' id='word_1_208' title='bbox 577 2497 626 2549; x_wconf 89' lang='lat' dir='ltr'><strong>Pro</strong></span> <span class='ocrx_word' id='word_1_209' title='bbox 651 2497 683 2550; x_wconf 80' lang='grc' dir='ltr'><strong>ἐν</strong></span> <span class='ocrx_word' id='word_1_210' title='bbox 699 2499 736 2564; x_wconf 65' lang='lat' dir='ltr'><strong>sul</strong></span> <span class='ocrx_word' id='word_1_211' title='bbox 749 2493 812 2548; x_wconf 84' lang='grc' dir='ltr'><strong><em>τότε</em></strong></span> <span class='ocrx_word' id='word_1_212' title='bbox 826 2497 854 2548; x_wconf 84' lang='lat' dir='ltr'><strong>ll.</strong></span> <span class='ocrx_word' id='word_1_213' title='bbox 874 2499 903 2553; x_wconf 75' lang='grc' dir='ltr'><strong>ἐς</strong></span> <span class='ocrx_word' id='word_1_214' title='bbox 921 2496 972 2548; x_wconf 88' lang='grc' dir='ltr'><strong>τόν</strong></span> <span class='ocrx_word' id='word_1_215' title='bbox 989 2510 1026 2548; x_wconf 86' lang='grc' dir='ltr'><strong>τε.</strong></span> <span class='ocrx_word' id='word_1_216' title='bbox 1082 2513 1121 2552; x_wconf 84' lang='lat' dir='ltr'><strong>sn.</strong></span> <span class='ocrx_word' id='word_1_217' title='bbox 1136 2498 1198 2548; x_wconf 87' lang='lat' dir='ltr'><strong>Post</strong></span> <span class='ocrx_word' id='word_1_218' title='bbox 1213 2493 1384 2566; x_wconf 81' lang='grc' dir='ltr'><strong><em>όμογνιλμο·</em></strong></span> 
     </span>
    </p>

    <p class='ocr_par' dir='ltr' id='par_1_22' title="bbox 375 2564 1380 2638">
     <span class='ocr_line' id='line_1_25' title="bbox 375 2564 1380 2638; baseline -0.003 -17"><span class='ocrx_word' id='word_1_219' title='bbox 375 2581 427 2623; x_wconf 80' lang='grc' dir='ltr'><strong>νας</strong></span> <span class='ocrx_word' id='word_1_220' title='bbox 450 2565 547 2618; x_wconf 84' lang='lat' dir='ltr'><strong>lacuna</strong></span> <span class='ocrx_word' id='word_1_221' title='bbox 564 2566 652 2618; x_wconf 86' lang='lat' dir='ltr'><strong>luerat</strong></span> <span class='ocrx_word' id='word_1_222' title='bbox 668 2567 698 2618; x_wconf 93' lang='lat' dir='ltr'><strong>in</strong></span> <span class='ocrx_word' id='word_1_223' title='bbox 717 2569 744 2618; x_wconf 74' lang='lat' dir='ltr'><strong>ll</strong></span> <span class='ocrx_word' id='word_1_224' title='bbox 766 2582 851 2638; x_wconf 87' lang='lat' dir='ltr'><strong>usqne</strong></span> <span class='ocrx_word' id='word_1_225' title='bbox 868 2567 905 2618; x_wconf 85' lang='lat' dir='ltr'><strong>sd</strong></span> <span class='ocrx_word' id='word_1_226' title='bbox 917 2564 993 2629; x_wconf 71' lang='lat' dir='ltr'><strong>ests,</strong></span> <span class='ocrx_word' id='word_1_227' title='bbox 1011 2569 1041 2618; x_wconf 91' lang='lat' dir='ltr'><strong>in</strong></span> <span class='ocrx_word' id='word_1_228' title='bbox 1059 2583 1112 2638; x_wconf 82' lang='lat' dir='ltr'><strong>quo</strong></span> <span class='ocrx_word' id='word_1_229' title='bbox 1132 2569 1265 2622; x_wconf 77' lang='lat' dir='ltr'><strong>recentior</strong></span> <span class='ocrx_word' id='word_1_230' title='bbox 1286 2580 1380 2618; x_wconf 82' lang='lat' dir='ltr'><strong>manns</strong></span> 
     </span>
    </p>
   </div>
   <div class='ocr_carea' id='block_1_3' title="bbox 374 2627 1384 2778">
    <p class='ocr_par' dir='ltr' id='par_1_23' title="bbox 374 2627 1384 2778">
     <span class='ocr_line' id='line_1_26' title="bbox 374 2627 1384 2708; baseline 0.007 -22"><span class='ocrx_word' id='word_1_231' title='bbox 374 2636 499 2704; x_wconf 82' lang='lat' dir='ltr'><strong>scripsit:</strong></span> <span class='ocrx_word' id='word_1_232' title='bbox 516 2633 619 2700; x_wconf 75' lang='grc' dir='ltr'><strong><em>ἐδόκει,</em></strong></span> <span class='ocrx_word' id='word_1_233' title='bbox 634 2644 663 2690; x_wconf 90' lang='lat' dir='ltr'><strong>et</strong></span> <span class='ocrx_word' id='word_1_234' title='bbox 679 2637 708 2686; x_wconf 87' lang='lat' dir='ltr'><strong>ln</strong></span> <span class='ocrx_word' id='word_1_235' title='bbox 727 2651 808 2707; x_wconf 76' lang='lat' dir='ltr'><strong>marg.</strong></span> <span class='ocrx_word' id='word_1_236' title='bbox 826 2634 907 2688; x_wconf 71' lang='lat' dir='ltr'><strong>sirus.</strong></span> <span class='ocrx_word' id='word_1_237' title='bbox 958 2636 1087 2708; x_wconf 69' lang='grc' dir='ltr'><strong><em>ιᾶαμφὶ</em></strong></span> <span class='ocrx_word' id='word_1_238' title='bbox 1107 2627 1163 2690; x_wconf 72' lang='grc' dir='ltr'><strong><em>ἀνά</em></strong></span> <span class='ocrx_word' id='word_1_239' title='bbox 1182 2653 1204 2687; x_wconf 88' lang='grc' dir='ltr'><strong>τ.</strong></span> <span class='ocrx_word' id='word_1_240' title='bbox 1224 2637 1255 2688; x_wconf 82' lang='lat' dir='ltr'><strong>F.</strong></span> <span class='ocrx_word' id='word_1_241' title='bbox 1273 2636 1302 2688; x_wconf 92' lang='lat' dir='ltr'><strong>ll.</strong></span> <span class='ocrx_word' id='word_1_242' title='bbox 1341 2639 1384 2693; x_wconf 89' lang='grc' dir='ltr'><strong>ι8.</strong></span> 
     </span>
     <span class='ocr_line' id='line_1_27' title="bbox 377 2703 1235 2778; baseline 0 -22"><span class='ocrx_word' id='word_1_243' title='bbox 377 2705 471 2776; x_wconf 71' lang='lat' dir='ltr'><strong>orode.</strong></span> <span class='ocrx_word' id='word_1_244' title='bbox 490 2719 520 2756; x_wconf 87' lang='grc' dir='ltr'><strong>τε</strong></span> <span class='ocrx_word' id='word_1_245' title='bbox 535 2707 599 2777; x_wconf 75' lang='grc' dir='ltr'><strong><em>μέγ.</em></strong></span> <span class='ocrx_word' id='word_1_246' title='bbox 621 2722 646 2757; x_wconf 91' lang='grc' dir='ltr'><strong>κ.</strong></span> <span class='ocrx_word' id='word_1_247' title='bbox 666 2703 726 2757; x_wconf 68' lang='lat' dir='ltr'><strong>slis.</strong></span> <span class='ocrx_word' id='word_1_248' title='bbox 744 2708 790 2770; x_wconf 74' lang='lat' dir='ltr'><strong>st,</strong></span> <span class='ocrx_word' id='word_1_249' title='bbox 810 2705 907 2777; x_wconf 79' lang='grc' dir='ltr'><strong><em>στράτ.</em></strong></span> <span class='ocrx_word' id='word_1_250' title='bbox 919 2707 983 2778; x_wconf 76' lang='grc' dir='ltr'><strong><em>μέγ.</em></strong></span> <span class='ocrx_word' id='word_1_251' title='bbox 1002 2721 1031 2774; x_wconf 73' lang='grc' dir='ltr'><strong>τε</strong></span> <span class='ocrx_word' id='word_1_252' title='bbox 1049 2723 1072 2757; x_wconf 91' lang='grc' dir='ltr'><strong>κ.</strong></span> <span class='ocrx_word' id='word_1_253' title='bbox 1093 2704 1151 2758; x_wconf 77' lang='lat' dir='ltr'><strong>siis.</strong></span> <span class='ocrx_word' id='word_1_254' title='bbox 1166 2705 1235 2776; x_wconf 75' lang='lat' dir='ltr'><strong>vulg.</strong></span> 
     </span>
    </p>
   </div>
   <div class='ocr_carea' id='block_1_4' title="bbox 301 2792 1446 4194">
    <p class='ocr_par' dir='ltr' id='par_1_24' title="bbox 301 2792 1446 4194">
     <span class='ocr_line' id='line_1_28' title="bbox 307 2792 1383 2871; baseline -0.001 -20"><span class='ocrx_word' id='word_1_255' title='bbox 307 2800 388 2852; x_wconf 85' lang='lat' dir='ltr'><strong>etism</strong></span> <span class='ocrx_word' id='word_1_256' title='bbox 413 2799 467 2850; x_wconf 91' lang='lat' dir='ltr'><strong>loci</strong></span> <span class='ocrx_word' id='word_1_257' title='bbox 485 2798 608 2861; x_wconf 80' lang='lat' dir='ltr'><strong>senisse,</strong></span> <span class='ocrx_word' id='word_1_258' title='bbox 635 2805 664 2852; x_wconf 90' lang='lat' dir='ltr'><strong>et</strong></span> <span class='ocrx_word' id='word_1_259' title='bbox 680 2798 799 2869; x_wconf 83' lang='lat' dir='ltr'><strong>aliquam</strong></span> <span class='ocrx_word' id='word_1_260' title='bbox 822 2792 955 2853; x_wconf 73' lang='lat' dir='ltr'><strong>exercitiis</strong></span> <span class='ocrx_word' id='word_1_261' title='bbox 975 2799 1017 2852; x_wconf 90' lang='lat' dir='ltr'><strong>sui</strong></span> <span class='ocrx_word' id='word_1_262' title='bbox 1043 2807 1148 2871; x_wconf 84' lang='lat' dir='ltr'><strong>partem</strong></span> <span class='ocrx_word' id='word_1_263' title='bbox 1166 2799 1207 2854; x_wconf 88' lang='lat' dir='ltr'><strong>ibi</strong></span> <span class='ocrx_word' id='word_1_264' title='bbox 1223 2797 1383 2870; x_wconf 74' lang='lat' dir='ltr'>reliquisse,</span> 
     </span>
     <span class='ocr_line' id='line_1_29' title="bbox 308 2867 1382 2940; baseline 0 -20"><span class='ocrx_word' id='word_1_265' title='bbox 308 2877 391 2939; x_wconf 84' lang='lat' dir='ltr'><strong>utque</strong></span> <span class='ocrx_word' id='word_1_266' title='bbox 411 2867 475 2920; x_wconf 88' lang='lat' dir='ltr'><strong>inde</strong></span> <span class='ocrx_word' id='word_1_267' title='bbox 503 2868 663 2920; x_wconf 82' lang='lat' dir='ltr'><strong>Colchorum</strong></span> <span class='ocrx_word' id='word_1_268' title='bbox 684 2877 791 2939; x_wconf 79' lang='lat' dir='ltr'><strong>gentem</strong></span> <span class='ocrx_word' id='word_1_269' title='bbox 810 2868 962 2922; x_wconf 80' lang='lat' dir='ltr'><strong>deductum.</strong></span> <span class='ocrx_word' id='word_1_270' title='bbox 990 2868 1073 2939; x_wconf 83' lang='lat' dir='ltr'><strong>Quod</strong></span> <span class='ocrx_word' id='word_1_271' title='bbox 1090 2872 1178 2940; x_wconf 88' lang='lat' dir='ltr'><strong>ipsum</strong></span> <span class='ocrx_word' id='word_1_272' title='bbox 1196 2877 1224 2921; x_wconf 91' lang='lat' dir='ltr'><strong>et</strong></span> <span class='ocrx_word' id='word_1_273' title='bbox 1247 2867 1382 2920; x_wconf 84' lang='lat' dir='ltr'><strong>Diodorus</strong></span> 
     </span>
     <span class='ocr_line' id='line_1_30' title="bbox 307 2937 1382 3010; baseline 0 -20"><span class='ocrx_word' id='word_1_274' title='bbox 307 2939 413 2991; x_wconf 85' lang='lat' dir='ltr'><strong>Siculus</strong></span> <span class='ocrx_word' id='word_1_275' title='bbox 431 2938 525 2992; x_wconf 83' lang='lat' dir='ltr'><strong>etalii</strong></span> <span class='ocrx_word' id='word_1_276' title='bbox 545 2938 695 3007; x_wconf 88' lang='lat' dir='ltr'><strong>complures</strong></span> <span class='ocrx_word' id='word_1_277' title='bbox 712 2949 833 2992; x_wconf 78' lang='lat' dir='ltr'><strong>veterum</strong></span> <span class='ocrx_word' id='word_1_278' title='bbox 850 2939 1041 2992; x_wconf 88' lang='lat' dir='ltr'><strong>historicorum</strong></span> <span class='ocrx_word' id='word_1_279' title='bbox 1059 2948 1199 2992; x_wconf 75' lang='lat' dir='ltr'><strong>testantur.</strong></span> <span class='ocrx_word' id='word_1_280' title='bbox 1227 2937 1262 2989; x_wconf 83' lang='lat' dir='ltr'><strong>lli</strong></span> <span class='ocrx_word' id='word_1_281' title='bbox 1279 2941 1382 3010; x_wconf 84' lang='lat' dir='ltr'><strong>itaque,</strong></span> 
     </span>
     <span class='ocr_line' id='line_1_31' title="bbox 305 3007 1381 3080; baseline 0.001 -21"><span class='ocrx_word' id='word_1_282' title='bbox 305 3011 363 3061; x_wconf 86' lang='lat' dir='ltr'><strong>sive</strong></span> <span class='ocrx_word' id='word_1_283' title='bbox 383 3009 460 3068; x_wconf 73' lang='lat' dir='ltr'><strong>tasi,</strong></span> <span class='ocrx_word' id='word_1_284' title='bbox 479 3010 535 3060; x_wconf 84' lang='lat' dir='ltr'><strong>sive</strong></span> <span class='ocrx_word' id='word_1_285' title='bbox 555 3007 663 3072; x_wconf 84' lang='lat' dir='ltr'><strong>Colchi,</strong></span> <span class='ocrx_word' id='word_1_286' title='bbox 692 3011 749 3062; x_wconf 86' lang='lat' dir='ltr'><strong>sive</strong></span> <span class='ocrx_word' id='word_1_287' title='bbox 767 3010 893 3080; x_wconf 74' lang='lat' dir='ltr'><strong>Aegyptii</strong></span> <span class='ocrx_word' id='word_1_288' title='bbox 914 3011 1025 3063; x_wconf 86' lang='lat' dir='ltr'><strong>sedibus</strong></span> <span class='ocrx_word' id='word_1_289' title='bbox 1045 3011 1100 3062; x_wconf 90' lang='lat' dir='ltr'><strong>suis</strong></span> <span class='ocrx_word' id='word_1_290' title='bbox 1118 3011 1277 3076; x_wconf 76' lang='lat' dir='ltr'><strong>migrantes,</strong></span> <span class='ocrx_word' id='word_1_291' title='bbox 1299 3009 1381 3060; x_wconf 77' lang='lat' dir='ltr'><strong>variis</strong></span> 
     </span>
     <span class='ocr_line' id='line_1_32' title="bbox 305 3077 1382 3151; baseline 0 -22"><span class='ocrx_word' id='word_1_292' title='bbox 305 3085 397 3130; x_wconf 83' lang='lat' dir='ltr'><strong>nostra</strong></span> <span class='ocrx_word' id='word_1_293' title='bbox 421 3085 509 3130; x_wconf 78' lang='lat' dir='ltr'><strong>aetate</strong></span> <span class='ocrx_word' id='word_1_294' title='bbox 532 3079 613 3131; x_wconf 89' lang='lat' dir='ltr'><strong>bellis</strong></span> <span class='ocrx_word' id='word_1_295' title='bbox 639 3079 749 3132; x_wconf 85' lang='lat' dir='ltr'><strong>luerunt</strong></span> <span class='ocrx_word' id='word_1_296' title='bbox 779 3079 913 3142; x_wconf 85' lang='lat' dir='ltr'><strong>lacessiti,</strong></span> <span class='ocrx_word' id='word_1_297' title='bbox 939 3081 1079 3151; x_wconf 85' lang='lat' dir='ltr'><strong>multaque</strong></span> <span class='ocrx_word' id='word_1_298' title='bbox 1102 3081 1206 3150; x_wconf 83' lang='lat' dir='ltr'><strong>proelia</strong></span> <span class='ocrx_word' id='word_1_299' title='bbox 1229 3077 1265 3130; x_wconf 91' lang='lat' dir='ltr'><strong>ob</strong></span> <span class='ocrx_word' id='word_1_300' title='bbox 1284 3077 1382 3130; x_wconf 88' lang='lat' dir='ltr'><strong>lsornm</strong></span> 
     </span>
     <span class='ocr_line' id='line_1_33' title="bbox 305 3149 1382 3216; baseline 0 -16"><span class='ocrx_word' id='word_1_301' title='bbox 305 3149 441 3216; x_wconf 81' lang='lat' dir='ltr'><strong>regionem</strong></span> <span class='ocrx_word' id='word_1_302' title='bbox 470 3157 534 3200; x_wconf 89' lang='lat' dir='ltr'><strong>sunt</strong></span> <span class='ocrx_word' id='word_1_303' title='bbox 560 3150 707 3201; x_wconf 87' lang='lat' dir='ltr'><strong>commissa.</strong></span> <span class='ocrx_word' id='word_1_304' title='bbox 752 3149 884 3202; x_wconf 83' lang='lat' dir='ltr'><strong>Chosroes</strong></span> <span class='ocrx_word' id='word_1_305' title='bbox 911 3153 984 3209; x_wconf 86' lang='lat' dir='ltr'><strong>enim</strong></span> <span class='ocrx_word' id='word_1_306' title='bbox 1010 3152 1145 3202; x_wconf 84' lang='lat' dir='ltr'><strong>Persarum</strong></span> <span class='ocrx_word' id='word_1_307' title='bbox 1170 3165 1218 3201; x_wconf 78' lang='lat' dir='ltr'><strong>sex</strong></span> <span class='ocrx_word' id='word_1_308' title='bbox 1243 3164 1303 3200; x_wconf 86' lang='lat' dir='ltr'><strong>enm</strong></span> <span class='ocrx_word' id='word_1_309' title='bbox 1327 3150 1382 3200; x_wconf 89' lang='lat' dir='ltr'><strong>iam</strong></span> 
     </span>
     <span class='ocr_line' id='line_1_34' title="bbox 305 3218 1381 3290; baseline 0.002 -22"><span class='ocrx_word' id='word_1_310' title='bbox 305 3219 390 3269; x_wconf 83' lang='lat' dir='ltr'><strong>mults</strong></span> <span class='ocrx_word' id='word_1_311' title='bbox 414 3218 548 3290; x_wconf 77' lang='lat' dir='ltr'><strong>valdeque</strong></span> <span class='ocrx_word' id='word_1_312' title='bbox 566 3227 718 3290; x_wconf 88' lang='lat' dir='ltr'><strong>opportuna</strong></span> <span class='ocrx_word' id='word_1_313' title='bbox 736 3220 812 3271; x_wconf 89' lang='lat' dir='ltr'><strong>illins</strong></span> <span class='ocrx_word' id='word_1_314' title='bbox 831 3221 948 3290; x_wconf 75' lang='lat' dir='ltr'><strong>regionis</strong></span> <span class='ocrx_word' id='word_1_315' title='bbox 966 3221 1025 3274; x_wconf 87' lang='lat' dir='ltr'><strong>locu</strong></span> <span class='ocrx_word' id='word_1_316' title='bbox 1042 3221 1185 3274; x_wconf 81' lang='lat' dir='ltr'><strong>invasisset</strong></span> <span class='ocrx_word' id='word_1_317' title='bbox 1194 3227 1281 3288; x_wconf 80' lang='lat' dir='ltr'><strong>atque</strong></span> <span class='ocrx_word' id='word_1_318' title='bbox 1299 3235 1381 3272; x_wconf 88' lang='lat' dir='ltr'><strong>occu-</strong></span> 
     </span>
     <span class='ocr_line' id='line_1_35' title="bbox 304 3288 1381 3360; baseline 0.002 -22"><span class='ocrx_word' id='word_1_319' title='bbox 304 3297 410 3356; x_wconf 81' lang='lat' dir='ltr'><strong>passet,</strong></span> <span class='ocrx_word' id='word_1_320' title='bbox 437 3306 607 3359; x_wconf 83' lang='lat' dir='ltr'><strong>nequaquam</strong></span> <span class='ocrx_word' id='word_1_321' title='bbox 629 3290 684 3342; x_wconf 92' lang='lat' dir='ltr'><strong>sibi</strong></span> <span class='ocrx_word' id='word_1_322' title='bbox 709 3307 760 3342; x_wconf 91' lang='lat' dir='ltr'><strong>con</strong></span> <span class='ocrx_word' id='word_1_323' title='bbox 782 3290 956 3343; x_wconf 86' lang='lat' dir='ltr'><strong>uiescenslum</strong></span> <span class='ocrx_word' id='word_1_324' title='bbox 984 3290 1076 3353; x_wconf 71' lang='lat' dir='ltr'><strong>clusit,</strong></span> <span class='ocrx_word' id='word_1_325' title='bbox 1099 3288 1148 3340; x_wconf 89' lang='lat' dir='ltr'><strong>sed</strong></span> <span class='ocrx_word' id='word_1_326' title='bbox 1173 3296 1201 3340; x_wconf 89' lang='lat' dir='ltr'><strong>et</strong></span> <span class='ocrx_word' id='word_1_327' title='bbox 1227 3289 1333 3360; x_wconf 85' lang='lat' dir='ltr'><strong>reliqua</strong></span> <span class='ocrx_word' id='word_1_328' title='bbox 1351 3289 1381 3340; x_wconf 90' lang='lat' dir='ltr'><strong>in</strong></span> 
     </span>
     <span class='ocr_line' id='line_1_36' title="bbox 304 3309 1383 3428; baseline 0.004 -20"><span class='ocrx_word' id='word_1_329' title='bbox 304 3374 378 3408; x_wconf 86' lang='lat' dir='ltr'><strong>sunm</strong></span> <span class='ocrx_word' id='word_1_330' title='bbox 397 3365 557 3428; x_wconf 74' lang='lat' dir='ltr'><strong>potestatem</strong></span> <span class='ocrx_word' id='word_1_331' title='bbox 576 3358 729 3428; x_wconf 79' lang='lat' dir='ltr'><strong>redigenda.</strong></span> <span class='ocrx_word' id='word_1_332' title='bbox 762 3309 933 3414; x_wconf 52' lang='lat' dir='ltr'><strong>(lastinianus</strong></span> <span class='ocrx_word' id='word_1_333' title='bbox 952 3377 1016 3415; x_wconf 80' lang='lat' dir='ltr'><strong>sero</strong></span> <span class='ocrx_word' id='word_1_334' title='bbox 1035 3363 1213 3412; x_wconf 83' lang='lat' dir='ltr'><strong>llomanorum</strong></span> <span class='ocrx_word' id='word_1_335' title='bbox 1234 3361 1383 3428; x_wconf 85' lang='lat' dir='ltr'><strong>imperator</strong></span> 
     </span>
     <span class='ocr_line' id='line_1_37' title="bbox 304 3427 1382 3500; baseline 0.002 -22"><span class='ocrx_word' id='word_1_336' title='bbox 304 3427 442 3480; x_wconf 77' lang='lat' dir='ltr'><strong>(iubnzem</strong></span> <span class='ocrx_word' id='word_1_337' title='bbox 460 3430 589 3482; x_wconf 77' lang='lat' dir='ltr'><strong>Locorum</strong></span> <span class='ocrx_word' id='word_1_338' title='bbox 606 3437 663 3482; x_wconf 91' lang='lat' dir='ltr'><strong>tum</strong></span> <span class='ocrx_word' id='word_1_339' title='bbox 681 3431 810 3499; x_wconf 89' lang='lat' dir='ltr'><strong>temporis</strong></span> <span class='ocrx_word' id='word_1_340' title='bbox 827 3447 917 3500; x_wconf 77' lang='lat' dir='ltr'><strong>segem</strong></span> <span class='ocrx_word' id='word_1_341' title='bbox 935 3440 963 3484; x_wconf 86' lang='lat' dir='ltr'><strong>et</strong></span> <span class='ocrx_word' id='word_1_342' title='bbox 979 3434 1130 3484; x_wconf 83' lang='lat' dir='ltr'><strong>nniversam</strong></span> <span class='ocrx_word' id='word_1_343' title='bbox 1149 3437 1268 3500; x_wconf 82' lang='lat' dir='ltr'><strong>gentem,</strong></span> <span class='ocrx_word' id='word_1_344' title='bbox 1283 3427 1382 3481; x_wconf 85' lang='lat' dir='ltr'><strong>subdi-</strong></span> 
     </span>
     <span class='ocr_line' id='line_1_38' title="bbox 305 3499 1380 3572; baseline -0.001 -23"><span class='ocrx_word' id='word_1_345' title='bbox 305 3504 361 3550; x_wconf 83' lang='lat' dir='ltr'><strong>tam</strong></span> <span class='ocrx_word' id='word_1_346' title='bbox 380 3499 434 3550; x_wconf 87' lang='lat' dir='ltr'><strong>silsi</strong></span> <span class='ocrx_word' id='word_1_347' title='bbox 454 3508 483 3551; x_wconf 85' lang='lat' dir='ltr'><strong>et</strong></span> <span class='ocrx_word' id='word_1_348' title='bbox 499 3499 660 3552; x_wconf 78' lang='lat' dir='ltr'><strong>benevolam</strong></span> <span class='ocrx_word' id='word_1_349' title='bbox 679 3508 708 3554; x_wconf 86' lang='lat' dir='ltr'><strong>et</strong></span> <span class='ocrx_word' id='word_1_350' title='bbox 722 3503 871 3554; x_wconf 86' lang='lat' dir='ltr'><strong>eommunis</strong></span> <span class='ocrx_word' id='word_1_351' title='bbox 889 3503 1027 3572; x_wconf 76' lang='lat' dir='ltr'><strong>religionis</strong></span> <span class='ocrx_word' id='word_1_352' title='bbox 1045 3501 1189 3570; x_wconf 85' lang='lat' dir='ltr'><strong>cultusque</strong></span> <span class='ocrx_word' id='word_1_353' title='bbox 1209 3501 1296 3552; x_wconf 86' lang='lat' dir='ltr'><strong>divini</strong></span> <span class='ocrx_word' id='word_1_354' title='bbox 1309 3515 1380 3550; x_wconf 80' lang='lat' dir='ltr'><strong>nexu</strong></span> 
     </span>
     <span class='ocr_line' id='line_1_39' title="bbox 303 3567 1379 3643; baseline -0.004 -23"><span class='ocrx_word' id='word_1_355' title='bbox 303 3571 484 3632; x_wconf 80' lang='lat' dir='ltr'><strong>coniunctam,</strong></span> <span class='ocrx_word' id='word_1_356' title='bbox 505 3568 630 3624; x_wconf 77' lang='lat' dir='ltr'><strong>deterere</strong></span> <span class='ocrx_word' id='word_1_357' title='bbox 647 3588 698 3623; x_wconf 90' lang='lat' dir='ltr'><strong>nee</strong></span> <span class='ocrx_word' id='word_1_358' title='bbox 714 3587 831 3643; x_wconf 80' lang='lat' dir='ltr'><strong>aequum</strong></span> <span class='ocrx_word' id='word_1_359' title='bbox 848 3586 899 3622; x_wconf 88' lang='lat' dir='ltr'><strong>nec</strong></span> <span class='ocrx_word' id='word_1_360' title='bbox 918 3572 1019 3623; x_wconf 86' lang='lat' dir='ltr'><strong>iustum</strong></span> <span class='ocrx_word' id='word_1_361' title='bbox 1039 3571 1179 3634; x_wconf 82' lang='lat' dir='ltr'><strong>censebat;</strong></span> <span class='ocrx_word' id='word_1_362' title='bbox 1205 3574 1272 3642; x_wconf 90' lang='lat' dir='ltr'><strong>quin</strong></span> <span class='ocrx_word' id='word_1_363' title='bbox 1290 3567 1379 3638; x_wconf 88' lang='lat' dir='ltr'><strong>potius</strong></span> 
     </span>
     <span class='ocr_line' id='line_1_40' title="bbox 305 3637 1380 3712; baseline -0.002 -25"><span class='ocrx_word' id='word_1_364' title='bbox 305 3639 430 3690; x_wconf 87' lang='lat' dir='ltr'><strong>omnibus</strong></span> <span class='ocrx_word' id='word_1_365' title='bbox 447 3640 551 3692; x_wconf 84' lang='lat' dir='ltr'><strong>visibus</strong></span> <span class='ocrx_word' id='word_1_366' title='bbox 576 3637 668 3694; x_wconf 82' lang='lat' dir='ltr'><strong>hostes</strong></span> <span class='ocrx_word' id='word_1_367' title='bbox 688 3659 767 3712; x_wconf 82' lang='lat' dir='ltr'><strong>qnam</strong></span> <span class='ocrx_word' id='word_1_368' title='bbox 786 3642 915 3692; x_wconf 70' lang='lat' dir='ltr'><strong>citissime</strong></span> <span class='ocrx_word' id='word_1_369' title='bbox 932 3641 1075 3712; x_wconf 71' lang='lat' dir='ltr'><strong>profligare</strong></span> <span class='ocrx_word' id='word_1_370' title='bbox 1092 3641 1225 3693; x_wconf 76' lang='lat' dir='ltr'><strong>tentabat</strong></span> <span class='ocrx_word' id='word_1_371' title='bbox 1260 3641 1380 3706; x_wconf 82' lang='lat' dir='ltr'><strong>Reputa-</strong></span> 
     </span>
     <span class='ocr_line' id='line_1_41' title="bbox 303 3707 1378 3774; baseline -0.003 -15"><span class='ocrx_word' id='word_1_372' title='bbox 303 3707 353 3759; x_wconf 83' lang='lat' dir='ltr'><strong>bst</strong></span> <span class='ocrx_word' id='word_1_373' title='bbox 373 3709 443 3759; x_wconf 91' lang='lat' dir='ltr'><strong>cnim</strong></span> <span class='ocrx_word' id='word_1_374' title='bbox 463 3727 522 3761; x_wconf 91' lang='lat' dir='ltr'><strong>eum</strong></span> <span class='ocrx_word' id='word_1_375' title='bbox 541 3711 632 3761; x_wconf 84' lang='lat' dir='ltr'><strong>animo</strong></span> <span class='ocrx_word' id='word_1_376' title='bbox 651 3727 699 3764; x_wconf 90' lang='lat' dir='ltr'><strong>suo</strong></span> <span class='ocrx_word' id='word_1_377' title='bbox 719 3718 747 3761; x_wconf 90' lang='lat' dir='ltr'><strong>et</strong></span> <span class='ocrx_word' id='word_1_378' title='bbox 763 3710 916 3774; x_wconf 85' lang='lat' dir='ltr'><strong>verebatur,</strong></span> <span class='ocrx_word' id='word_1_379' title='bbox 935 3727 970 3763; x_wconf 92' lang='lat' dir='ltr'><strong>ne</strong></span> <span class='ocrx_word' id='word_1_380' title='bbox 990 3713 1014 3764; x_wconf 89' lang='lat' dir='ltr'><strong>si</strong></span> <span class='ocrx_word' id='word_1_381' title='bbox 1029 3713 1124 3764; x_wconf 77' lang='lat' dir='ltr'><strong>Persae</strong></span> <span class='ocrx_word' id='word_1_382' title='bbox 1142 3710 1216 3763; x_wconf 91' lang='lat' dir='ltr'><strong>bello</strong></span> <span class='ocrx_word' id='word_1_383' title='bbox 1229 3707 1378 3768; x_wconf 82' lang='lat' dir='ltr'><strong>vincerent,</strong></span> 
     </span>
     <span class='ocr_line' id='line_1_42' title="bbox 303 3776 1376 3852; baseline -0.002 -24"><span class='ocrx_word' id='word_1_384' title='bbox 303 3776 376 3828; x_wconf 89' lang='lat' dir='ltr'><strong>nihil</strong></span> <span class='ocrx_word' id='word_1_385' title='bbox 393 3781 432 3831; x_wconf 90' lang='lat' dir='ltr'><strong>eis</strong></span> <span class='ocrx_word' id='word_1_386' title='bbox 450 3777 646 3849; x_wconf 60' lang='lat' dir='ltr'><strong>immslimcnto</strong></span> <span class='ocrx_word' id='word_1_387' title='bbox 664 3782 784 3832; x_wconf 86' lang='lat' dir='ltr'><strong>intusum</strong></span> <span class='ocrx_word' id='word_1_388' title='bbox 803 3787 883 3843; x_wconf 74' lang='lat' dir='ltr'><strong>esset,</strong></span> <span class='ocrx_word' id='word_1_389' title='bbox 903 3797 956 3851; x_wconf 90' lang='lat' dir='ltr'><strong>quo</strong></span> <span class='ocrx_word' id='word_1_390' title='bbox 976 3781 1066 3834; x_wconf 88' lang='lat' dir='ltr'><strong>minus</strong></span> <span class='ocrx_word' id='word_1_391' title='bbox 1082 3799 1132 3852; x_wconf 88' lang='lat' dir='ltr'><strong>pes</strong></span> <span class='ocrx_word' id='word_1_392' title='bbox 1153 3781 1285 3832; x_wconf 81' lang='lat' dir='ltr'><strong>Euxinum</strong></span> <span class='ocrx_word' id='word_1_393' title='bbox 1304 3791 1376 3845; x_wconf 86' lang='lat' dir='ltr'><strong>pon-</strong></span> 
     </span>
     <span class='ocr_line' id='line_1_43' title="bbox 304 3844 1446 3919; baseline -0.003 -23"><span class='ocrx_word' id='word_1_394' title='bbox 304 3853 363 3897; x_wconf 83' lang='lat' dir='ltr'><strong>tum</strong></span> <span class='ocrx_word' id='word_1_395' title='bbox 382 3849 448 3900; x_wconf 84' lang='lat' dir='ltr'><strong>eitra</strong></span> <span class='ocrx_word' id='word_1_396' title='bbox 475 3850 562 3901; x_wconf 88' lang='lat' dir='ltr'><strong>ullum</strong></span> <span class='ocrx_word' id='word_1_397' title='bbox 583 3857 686 3902; x_wconf 86' lang='lat' dir='ltr'><strong>metum</strong></span> <span class='ocrx_word' id='word_1_398' title='bbox 708 3853 866 3919; x_wconf 74' lang='lat' dir='ltr'><strong>navigantes</strong></span> <span class='ocrx_word' id='word_1_399' title='bbox 889 3851 1018 3903; x_wconf 79' lang='lat' dir='ltr'><strong>interiora</strong></span> <span class='ocrx_word' id='word_1_400' title='bbox 1044 3849 1157 3905; x_wconf 85' lang='lat' dir='ltr'><strong>llomsnl</strong></span> <span class='ocrx_word' id='word_1_401' title='bbox 1180 3846 1289 3916; x_wconf 86' lang='lat' dir='ltr'><strong>Imperii</strong></span> <span class='ocrx_word' id='word_1_402' title='bbox 1315 3844 1376 3895; x_wconf 80' lang='lat' dir='ltr'><strong>loeo</strong></span> <span class='ocrx_word' id='word_1_403' title='bbox 1440 3851 1446 3864; x_wconf 94' lang='lat'>&#39;</span> 
     </span>
     <span class='ocr_line' id='line_1_44' title="bbox 301 3913 1376 3994; baseline -0.001 -27"><span class='ocrx_word' id='word_1_404' title='bbox 301 3917 487 3986; x_wconf 78' lang='lat' dir='ltr'><strong>pervaderent.</strong></span> <span class='ocrx_word' id='word_1_405' title='bbox 523 3917 660 3986; x_wconf 76' lang='lat' dir='ltr'><strong>Quocirca</strong></span> <span class='ocrx_word' id='word_1_406' title='bbox 677 3921 824 3972; x_wconf 82' lang='lat' dir='ltr'><strong>maximum</strong></span> <span class='ocrx_word' id='word_1_407' title='bbox 841 3918 1091 3994; x_wconf 78' lang='lat' dir='ltr'><strong>solidissimumque</strong></span> <span class='ocrx_word' id='word_1_408' title='bbox 1110 3918 1257 3972; x_wconf 81' lang='lat' dir='ltr'><strong>exereitum</strong></span> <span class='ocrx_word' id='word_1_409' title='bbox 1275 3913 1316 3964; x_wconf 90' lang='lat' dir='ltr'><strong>ibi</strong></span> <span class='ocrx_word' id='word_1_410' title='bbox 1332 3915 1376 3966; x_wconf 93' lang='lat' dir='ltr'><strong>lo·</strong></span> 
     </span>
     <span class='ocr_line' id='line_1_45' title="bbox 302 3983 1375 4060; baseline -0.003 -21"><span class='ocrx_word' id='word_1_411' title='bbox 302 3987 386 4050; x_wconf 82' lang='lat' dir='ltr'><strong>cavit,</strong></span> <span class='ocrx_word' id='word_1_412' title='bbox 404 3987 701 4060; x_wconf 74' lang='lat' dir='ltr'><strong>praestantissimaque</strong></span> <span class='ocrx_word' id='word_1_413' title='bbox 717 3988 798 4042; x_wconf 86' lang='lat' dir='ltr'><strong>duces</strong></span> <span class='ocrx_word' id='word_1_414' title='bbox 816 3991 841 4042; x_wconf 90' lang='lat' dir='ltr'><strong>ei</strong></span> <span class='ocrx_word' id='word_1_415' title='bbox 860 3990 997 4058; x_wconf 77' lang='lat' dir='ltr'><strong>praefecit.</strong></span> <span class='ocrx_word' id='word_1_416' title='bbox 1033 3995 1125 4044; x_wconf 77' lang='lat' dir='ltr'><strong>Bessus</strong></span> <span class='ocrx_word' id='word_1_417' title='bbox 1143 3990 1216 4039; x_wconf 86' lang='lat' dir='ltr'><strong>enim</strong></span> <span class='ocrx_word' id='word_1_418' title='bbox 1233 3993 1263 4036; x_wconf 89' lang='lat' dir='ltr'><strong>et</strong></span> <span class='ocrx_word' id='word_1_419' title='bbox 1277 3983 1375 4036; x_wconf 74' lang='lat' dir='ltr'><strong>Maru-</strong></span> 
     </span>
     <span class='ocr_line' id='line_1_46' title="bbox 301 4055 1376 4129; baseline -0.003 -21"><span class='ocrx_word' id='word_1_420' title='bbox 301 4072 352 4109; x_wconf 89' lang='lat' dir='ltr'><strong>nns</strong></span> <span class='ocrx_word' id='word_1_421' title='bbox 370 4065 398 4108; x_wconf 86' lang='lat' dir='ltr'><strong>et</strong></span> <span class='ocrx_word' id='word_1_422' title='bbox 415 4056 498 4110; x_wconf 81' lang='lat' dir='ltr'><strong>Buces</strong></span> <span class='ocrx_word' id='word_1_423' title='bbox 517 4059 542 4110; x_wconf 90' lang='lat' dir='ltr'><strong>ei</strong></span> <span class='ocrx_word' id='word_1_424' title='bbox 560 4067 718 4127; x_wconf 82' lang='lat' dir='ltr'><strong>praeerant,</strong></span> <span class='ocrx_word' id='word_1_425' title='bbox 741 4060 792 4113; x_wconf 80' lang='lat' dir='ltr'><strong>sisi</strong></span> <span class='ocrx_word' id='word_1_426' title='bbox 810 4058 998 4129; x_wconf 78' lang='lat' dir='ltr'><strong>spectatissimi</strong></span> <span class='ocrx_word' id='word_1_427' title='bbox 1025 4067 1054 4113; x_wconf 92' lang='lat' dir='ltr'><strong>et</strong></span> <span class='ocrx_word' id='word_1_428' title='bbox 1078 4055 1266 4128; x_wconf 77' lang='lat' dir='ltr'><strong>frequentibus</strong></span> <span class='ocrx_word' id='word_1_429' title='bbox 1293 4069 1376 4126; x_wconf 83' lang='lat' dir='ltr'><strong>proe-</strong></span> 
     </span>
     <span class='ocr_line' id='line_1_47' title="bbox 301 4123 1376 4194; baseline 0 -14"><span class='ocrx_word' id='word_1_430' title='bbox 301 4127 346 4180; x_wconf 80' lang='lat' dir='ltr'><strong>liis</strong></span> <span class='ocrx_word' id='word_1_431' title='bbox 363 4129 587 4188; x_wconf 75' lang='grc' dir='ltr'><strong><em>ετοιιίιιιίιιλιοὶ.</em></strong></span> <span class='ocrx_word' id='word_1_432' title='bbox 604 4125 703 4188; x_wconf 71' lang='lat' dir='ltr'><strong>Missus</strong></span> <span class='ocrx_word' id='word_1_433' title='bbox 716 4146 778 4188; x_wconf 82' lang='lat' dir='ltr'><strong>seso</strong></span> <span class='ocrx_word' id='word_1_434' title='bbox 789 4136 830 4184; x_wconf 86' lang='lat' dir='ltr'><strong>ess</strong></span> <span class='ocrx_word' id='word_1_435' title='bbox 846 4128 930 4184; x_wconf 81' lang='lat' dir='ltr'><strong>etism</strong></span> <span class='ocrx_word' id='word_1_436' title='bbox 947 4129 1067 4186; x_wconf 71' lang='lat' dir='ltr'><strong>tssfinns</strong></span> <span class='ocrx_word' id='word_1_437' title='bbox 1078 4127 1208 4186; x_wconf 80' lang='lat' dir='ltr'><strong>Germani</strong></span> <span class='ocrx_word' id='word_1_438' title='bbox 1225 4125 1308 4194; x_wconf 79' lang='lat' dir='ltr'><strong>illias,</strong></span> <span class='ocrx_word' id='word_1_439' title='bbox 1323 4123 1376 4180; x_wconf 76' lang='lat' dir='ltr'><strong>ssl-</strong></span> 
     </span>
    </p>
   </div>
   <div class='ocr_carea' id='block_1_5' title="bbox 0 0 1586 4920">
    <p class='ocr_par' dir='ltr' id='par_1_25' title="bbox 0 0 1586 4920">
     <span class='ocr_line' id='line_1_48' title="bbox 0 0 1586 4920; baseline 0 6"><span class='ocrx_word' id='word_1_440' title='bbox 0 0 1586 4920; x_wconf 95' lang='lat' dir='ltr'><strong> </strong></span> 
     </span>
    </p>
   </div>
  </div>
 </body>
</html>
