3162 4956
315 315 410 382 XXIV
516 307 711 378 srtclrfltu
739 311 948 379 vnns101tls
976 311 1195 382 PERSONAE.

314 476 413 525 natura
429 469 642 533 contentiosior,
658 483 740 538 saepe
756 469 839 524 etlam
859 483 908 540 pro
924 470 1005 542 reglis
1019 472 1170 542 porticibus
1186 469 1253 542 lpsls
1274 473 1389 540 astabat,

313 556 476 627 plerumque
485 559 516 608 ln
529 555 703 610 librariorum
716 554 836 609 tabernis
845 556 984 611 venailtlis
993 556 1140 623 assidebat,
1157 567 1186 613 et
1200 559 1235 612 ad
1247 559 1389 614 bominum

312 648 415 694 turmas
430 659 459 694 se
471 641 568 695 eodem
580 643 750 722 cogentium,
766 642 849 694 verba
869 642 1010 714 magnilica
1031 645 1145 714 perinde
1163 643 1340 700 mirabundus
1360 653 1391 698 et

313 729 438 802 stupidus
452 727 602 794 fscutabst,
623 735 751 782 consueta
765 727 898 798 quaedam
913 728 946 782 de
960 730 1022 794 deo,
1039 730 1126 802 longis
1137 729 1280 784 verborum
1291 732 1387 784 amba-
1421 765 1425 778 .

312 813 400 886 gibus,
418 813 475 878 bis,
493 817 542 885 qui
557 831 586 866 se
604 815 834 868 circumsisterent
849 817 1066 886 postulantibus,
1092 817 1182 888 qualis
1200 835 1262 870 nurn
1283 819 1387 871 scilicet

311 896 384 953 es'set
398 900 442 952 illi
455 909 563 966 natura,
580 917 724 972 quaenam
740 901 901 966 substantia,
919 911 1010 955 utrum
1027 903 1178 968 alliciatur,
1197 913 1288 956 utrum
1305 919 1386 957 corae

310 987 348 1044 sit
363 1003 477 1056 expers,
496 995 523 1041 et
544 989 598 1040 slia
610 987 744 1058 quaedum
763 989 906 1042 eiusmodi.
926 991 1053 1060 quivero
1072 992 1124 1046 ista
1144 989 1332 1060 profitebatur,
1349 1005 1385 1042 ue

202 1067 207 1080 ⁵
310 1075 510 1146 grammaticum
529 1074 640 1145 quidem
663 1071 762 1127 adiisse
780 1089 901 1144 unquam
926 1075 1102 1140 crediderim,
1132 1093 1183 1128 uec
1204 1076 1288 1130 vitam
1314 1075 1385 1128 sorte

309 1160 452 1212 rectiorem
479 1161 574 1230 egisse.
628 1159 743 1215 Proinde
764 1167 864 1229 putent
890 1157 920 1212 bi
946 1160 1028 1215 iacile
1050 1161 1156 1233 aliquid
1173 1177 1230 1214 esse
1253 1169 1281 1212 et
1301 1161 1384 1231 plane

307 1246 554 1316 promptissimum,
572 1252 621 1299 aut
632 1246 732 1318 cuique
746 1244 882 1314 persium,
901 1245 976 1316 quod
989 1248 1070 1318 vulgo
1085 1249 1183 1311 lemur,
1200 1244 1298 1316 pedem
1316 1263 1383 1316 por-

308 1331 379 1401 rige,
404 1339 433 1384 ct
455 1331 633 1400 Tbeologism
650 1331 767 1402 attinge:
794 1348 878 1404 ᾳιιιιιιι
894 1331 965 1384 bruc
989 1343 1095 1390 constet
1115 1350 1172 1390 rem
1190 1349 1247 1386 esse
1273 1340 1300 1386 et
1319 1349 1385 1400 pro·

306 1416 408 1481 baum,
426 1423 455 1470 et
469 1417 703 1486 inexplicabilem,
726 1424 755 1471 et
767 1417 847 1486 longe
860 1411 1039 1485 superior'ern,
1057 1437 1140 1491 quam
1156 1427 1186 1472 ut
1203 1435 1260 1472 eam
1275 1418 1384 1488 assequi

307 1503 435 1574 cogitatio
459 1511 541 1575 queat
558 1503 758 1572 imperitorum,
777 1502 824 1575 qui
845 1502 994 1572 ignorando
1013 1503 1085 1560 banc
1102 1505 1280 1560 demirentur.
1315 1505 1385 1558 Sunt

306 1605 440 1659 nmque,
464 1587 513 1658 qui
538 1589 645 1660 vesperi
663 1605 697 1641 ex
719 1590 778 1657 ipss
798 1591 890 1642 statim
916 1589 1048 1644 ebrietate
1071 1597 1100 1644 et
1125 1590 1237 1658 crapule
1257 1591 1384 1660 impediti

307 1673 474 1746 quammulta
489 1672 674 1738 deblaterent‚
691 1675 782 1746 deque
796 1675 1030 1730 excellentissimis
1043 1674 1125 1728 rebus
1144 1675 1208 1740 illis,
1227 1675 1383 1746 divinisque

306 1759 512 1832 quaestionibus
532 1777 670 1815 sermones
689 1759 847 1817 indecenter
869 1762 1044 1831 incoepteut,
1069 1769 1098 1816 ot
1123 1764 1154 1818 in
1176 1760 1310 1818 eiusmodi
1326 1749 1382 1812 'nu-

304 1846 394 1918 gando
407 1845 542 1911 delirent,
561 1855 589 1903 et
604 1845 678 1900 haud
690 1863 767 1900 secus
783 1863 815 1902 sc
829 1850 878 1919 qui
889 1849 976 1902 aleam
992 1847 1113 1912 ludunt,
1137 1849 1266 1904 rixentur.
1301 1847 1383 1914 ilices

304 1935 336 1988 in
366 1933 448 1991 rebus
480 1933 663 2005 principatum
696 1941 792 1988 nactus
830 1936 960 1998 Uranius,
993 1932 1108 2004 perinde
1142 1933 1300 1986 Homericus
1321 1933 1384 1994 *itte

304 2017 444 2073 Thersites
472 2019 540 2074 alios
570 2019 719 2090 arguebat,
748 2010 962 2090 extraherequa
978 2021 1008 2074 in
1031 2019 1142 2089 longum
1155 2035 1304 2076 ,sermones
1329 2018 1383 2070 ml-

302 2107 378 2164 nime
407 2103 572 2170 desistebat,
597 2107 650 2162 etsi
678 2106 746 2162 alias
769 2105 805 2160 de
829 2105 881 2160 deo
905 2103 979 2164 haud
998 2105 1061 2160 satis
1078 2113 1152 2160 recte
1171 2106 1300 2158 sentiret:
1330 2121 1382 2160 uec

303 2199 372 2248 sana·
396 2191 623 2266 disceptationem
657 2192 781 2256 sinebat,
806 2191 908 2246 iasndio
948 2201 1119 2263 ooooeptans,
1159 2190 1256 2246 ordine
1283 2191 1381 2244 saltem

302 2296 351 2335 suo
373 2279 537 2350 procedere3
564 2279 613 2333 sed
631 2281 767 2351 apertiora
788 2281 882 2351 potius
907 2279 1109 2344 confundebat,
1136 2288 1165 2333 et
1183 2280 1323 2351 quaesitae
1340 2277 1381 2334 rei

300 2365 479 2435 propulsabat
503 2367 699 2420 inventionem.
734 2365 853 2421 Volebat
872 2365 919 2418 hic
943 2366 1058 2421 iorstun
1082 2365 1201 2420 Platonis
1219 2363 1380 2432 Pythonem,

301 2452 468 2524 Sextumque
487 2452 609 2524 denique
625 2455 743 2518 imitari,
771 2461 800 2506 et
818 2467 911 2505 corum
928 2467 1003 2506 more
1019 2452 1208 2523 responsiones
1226 2459 1258 2507 ut
1275 2451 1381 2514 flerent,

301 2539 414 2590 utfinis
433 2547 505 2594 esset
524 2540 566 2592 nil
584 2538 735 2602 obturbari,
755 2538 820 2608 quia
840 2539 870 2596 id
888 2539 978 2594 animo
997 2546 1199 2606 praesumptum
1221 2536 1276 2586 iam
1300 2543 1380 2596 essct,

299 2623 373 2676 nibil
396 2639 455 2674 esse
479 2625 590 2691 penitus
614 2626 801 2678 consutorum
837 2621 892 2674 Sed
910 2621 1048 2674 Platonica
1064 2622 1116 2671 ista
1138 2618 1211 2672 baud
1237 2619 1303 2672 satis
1328 2619 1378 2672 ille

300 2707 442 2767 didicerat,
460 2708 491 2757 ni
508 2707 578 2760 sorte
597 2705 724 2762 alicunde
740 2712 854 2758 venetus
868 2719 1002 2772 perpauca
1016 2703 1182 2773 collegisset,
1199 2703 1299 2775 quibus
1315 2720 1380 2774 pos-

298 2801 342 2848 set
365 2791 516 2846 ineruditos
540 2792 594 2844 iam
619 2789 721 2846 saliere·
757 2790 792 2846 Et
815 2787 1042 2862 quemadmodum
1066 2790 1207 2850 literarum
1231 2800 1289 2844 erat
1305 2793 1328 2848 is
1347 2809 1377 2848 rc

297 2881 424 2952 ignarus,
448 2880 490 2934 ita
513 2885 542 2932 et
565 2877 699 2931 bonorum
724 2893 828 2930 morum
847 2876 968 2930 omnium
989 2893 1092 2946 expers.
1116 2875 1273 2932 istiusmodi
1292 2896 1377 2950 quum

298 2975 370 3022 essct
388 2966 515 3029 Uannius,
530 2964 668 3020 ndOersas
687 2981 716 3017 se
734 2963 859 3027 eontulit,
877 2980 927 3033 per
944 2963 1131 3019 Areobindum
1149 2965 1266 3028 Persam,
1285 2975 1313 3018 et
1330 2983 1375 3018 re-

296 3056 337 3124 pis
354 3060 420 3107 tuno
437 3060 586 3117 oratorem,
612 3059 644 3105 nt
661 3049 808 3106 cothurnus
826 3059 856 3104 et
872 3050 974 3105 nebulo
992 3049 1103 3114 duetus,
1128 3054 1257 3112 nimirum
1276 3054 1324 3124 qui
1342 3070 1376 3110 ea

296 3137 350 3192 sibi
368 3146 527 3192 ornamenta
545 3137 644 3194 stolide
664 3136 844 3202 vendicasset,
863 3137 963 3210 quibus
980 3139 1090 3190 omnino
1108 3148 1227 3202 careret,
1244 3140 1374 3208 pnllium-

295 3241 351 3296 que
370 3225 494 3293 protinus
517 3223 624 3288 induit,
652 3222 727 3296 quod
744 3222 948 3292 disciplinarum
972 3226 1094 3295 magistri
1113 3233 1216 3294 gestare
1234 3225 1306 3294 apud
1323 3241 1373 3280 nor

294 3313 393 3366 solent,
428 3311 474 3364 Sic
496 3313 589 3385 itaque
615 3310 723 3381 obstipa
744 3300 916 3382 superbaque
936 3309 1007 3366 iscie
1027 3309 1173 3366 chosroem
1195 3311 1288 3364 adivit
1312 3319 1372 3364 tum

294 3399 344 3452 ille
362 3399 504 3468 inopinato
526 3399 658 3454 miraculo
683 3397 821 3469 percitus,
840 3404 868 3450 et
885 3415 991 3452 sucrum
1009 3396 1116 3469 aliquid
1130 3413 1188 3448 esse
1199 3396 1373 3466 imaginatus,

292 3487 504 3557 suspicatusque
520 3502 615 3540 verum
631 3485 705 3538 hunc
719 3501 776 3538 osse
792 3481 1002 3556 philosophum,
1021 3482 1095 3555 (nam
1118 3485 1200 3536 etita
1217 3482 1290 3552 apud
1307 3483 1372 3536 Pcr-

174 3591 178 3602 ·
293 3588 336 3625 sas
353 3570 544 3644 vocitabatur),
565 3570 683 3626 eundem
709 3571 782 3636 bunc
800 3579 828 3625 et
844 3571 934 3624 libens
952 3569 1034 3634 sidit,
1055 3586 1087 3622 ac
1104 3568 1222 3640 benigne
1241 3571 1368 3640 suscepit.
1410 3603 1423 3624 l

292 3657 387 3730 Magos
405 3655 508 3710 deindo
527 3655 611 3712 adse
625 3666 801 3720 convocatos,
827 3674 888 3710 cum
910 3673 980 3710 noro
1001 3653 1169 3725 philosopho
1186 3662 1218 3708 ut
1234 3671 1371 3712 sermones

291 3745 461 3808 conferrent,
490 3745 647 3812 constituit;
672 3742 762 3816 deque
782 3759 874 3796 rerum
900 3751 962 3802 ortu
985 3751 1137 3814 naturaque
1156 3750 1189 3795 ut
1208 3740 1370 3808 disceptatio

289 3831 447 3896 baberetur,
466 3831 599 3896 iniunxit3
623 3839 652 3884 et
669 3838 761 3884 utmm
779 3829 809 3882 id
826 3845 919 3893 omne,
939 3827 1014 3900 quod
1030 3829 1142 3891 visitur,
1165 3827 1247 3880 finem
1264 3827 1301 3878 sit
1315 3823 1369 3878 irs-

291 3917 433 3989 lsiturunr
451 3933 549 3978 auore
558 3934 643 3978 ιιιιιιιι
660 3933 719 3972 esse
734 3917 856 3972 omniun
873 3930 962 3968 rerum
979 3915 1145 3989 principium
1159 3911 1312 3986 pouudun
1325 3911 1370 3967 stt

721 4059 947 4082 W
