3162 4956
600 303 809 371 toemllu
1155 303 1251 372 ⁸Killl

177 451 221 516 rit
237 454 269 516 la
286 453 573 542 hulurscrlptoris,
592 477 657 539 quo
677 457 764 521 e'dito
778 477 985 543 permagnum
1000 467 1087 525 certa
1104 460 1190 544 cepit
1206 461 1253 523 lsi·

176 554 274 616 storia
289 555 533 633 incrementum,
554 575 700 618 sermone
714 557 912 638 exquirendo
928 558 1135 642 splendidam
1147 559 1254 644 philo·

175 650 282 734 logice
299 653 524 716 documentum
534 653 642 734 edere,
657 652 692 716 id
704 653 942 719 facundissimos
956 677 1102 742 quosque
1117 657 1251 736 Atticos,

175 750 284 832 siquis
299 753 338 814 ad
356 773 464 814 merres
479 751 518 815 de
535 755 626 818 lactis
649 751 765 814 nostris
778 773 886 814 rumor
900 764 1015 831 manet,
1026 775 1091 818 noo
1109 755 1179 818 sine
1199 758 1249 816 ia·

175 847 260 908 sidia
283 854 369 912 ferra
395 851 553 914 existimo.
602 849 710 912 Hodie
733 848 884 933 Agathias
906 851 960 914 rix
991 855 1140 936 cuiquam
1165 856 1251 916 ultre

175 947 427 1010 mediocritatem
442 967 607 1033 assurgere
620 948 798 1012 ridebitur:
831 947 910 1011 licet
921 949 958 1016 G.
973 947 998 1015 l.
1009 951 1152 1031 Vossius,
1162 951 1250 1014 haud

176 1044 259 1108 levis
278 1047 470 1111 auctoritatis
497 1049 566 1124 air,
594 1055 714 1110 tersum
734 1046 804 1110 cius
831 1056 927 1130 etqua
951 1045 1099 1109 floridum
1120 1049 1251 1113 dicendi

175 1163 277 1224 genus
295 1145 466 1229 praedicet
511 1147 607 1208 Certe
624 1145 690 1229 ipre
703 1165 807 1208 sermo
819 1163 953 1230 graecam
970 1167 987 1205 s
1004 1147 1152 1228 puritate,
1168 1167 1251 1229 quae

173 1255 278 1306 umen
291 1243 424 1305 minima
439 1245 509 1307 lans
524 1252 614 1321 erret,
630 1245 724 1327 longe
738 1243 844 1317 altesta
866 1265 914 1322 ac,
935 1263 977 1306 ne
990 1265 1008 1304 a
1023 1241 1109 1306 vitiis
1123 1243 1253 1326 quidem

172 1341 389 1425 grammaticis
411 1343 575 1419 immunis,
602 1341 688 1403 hand
708 1359 781 1404 raro
807 1341 976 1426 degeneris
999 1341 1150 1425 loquelae
1177 1349 1254 1404 nota

171 1441 339 1504 ioedrturs
366 1449 435 1501 tum
452 1459 527 1506 rero
547 1440 686 1503 admixta
704 1438 933 1520 dialectorum,
957 1439 1084 1502 ionicae
1107 1435 1262 1524 praescr-5

171 1537 253 1618 tim,
274 1537 500 1624 spicarumque
522 1539 693 1604 verborum
719 1539 894 1618 varietate,
925 1537 991 1603 sire
1017 1539 1162 1624 quaesita
1182 1538 1252 1602 sire

170 1636 395 1720 imprudenter
413 1646 586 1720 assumpta,
606 1633 789 1721 saepissime
809 1635 952 1703 offendit.
1002 1639 1094 1717 Quae
1117 1644 1154 1698 ut
1173 1657 1253 1700 cen·

169 1733 340 1796 donareris
369 1735 436 1798 acri
458 1735 660 1814 infelicitati,
685 1733 941 1820 praecipuaeque
960 1733 1143 1798 difficultati
1170 1731 1253 1797 scri-

168 1831 266 1894 laendi
288 1831 396 1918 lingua
413 1835 601 1908 emoriente,
625 1845 797 1918 autequam
811 1833 920 1896 adulta
937 1835 979 1898 sit
994 1846 1089 1918 atque
1107 1856 1124 1898 e
1142 1831 1251 1895 matris

170 1932 332 1993 consortio
352 1932 463 1994 exierit
474 1932 622 2016 vulgaris,
640 1953 704 2016 que
721 1933 781 1994 iam
794 1931 940 2015 quotidie
956 1941 1108 2005 utuntur,
1130 1938 1249 2008 tamen,

169 2032 205 2090 ut
227 2028 353 2092 laudem
375 2031 494 2093 tribues
515 2029 689 2109 historico,
717 2030 904 2114 rapientium
925 2031 1176 2114 gravitatemque
1192 2047 1250 2090 re·

168 2126 296 2208 quiress
323 2136 355 2190 at
375 2127 408 2190 id
430 2149 495 2190 non
519 2129 625 2190 minua
650 2128 768 2190 l'rustra
790 2128 824 2190 in
855 2129 989 2210 Agathio
1018 2138 1138 2194 norun.
1181 2127 1250 2188 lmo

165 2227 274 2306 potius
295 2223 442 2288 ieiunum
461 2225 627 2306 ingenium
643 2225 676 2286 in
692 2225 862 2288 sententiis
883 2226 994 2306 prodit
1008 2246 1088 2307 quaa
1104 2224 1252 2306 saepissi-

166 2335 219 2383 rn'e
231 2323 355 2404 proiert
363 2367 373 2400 ,
381 2325 469 2385 tritas
477 2323 649 2384 admodum
659 2329 753 2402 atque
766 2343 785 2382 e
797 2321 878 2382 locis
888 2322 1003 2404 potitus
1012 2321 1251 2384 communiburs

164 2417 227 2480 abi
239 2437 316 2480 sero
325 2427 435 2499 argute
451 2419 542 2500 loqui
552 2419 665 2500 satagit
677 2417 907 2498 frigidissimae.
937 2418 1009 2479 Viri
1022 2415 1100 2480 boni
1111 2417 1252 2478 animum

165 2537 243 2580 cum
265 2515 482 2576 ostentatione
497 2534 574 2597 prae
595 2535 630 2576 se
651 2514 732 2578 lert:
764 2533 872 2596 neque
893 2521 1009 2592 umen,
1031 2503 1185 2597 quan'tuna
1200 2513 1250 2576 di·

164 2633 322 2700 gnoscere
340 2612 428 2690 licet,
451 2607 550 2674 falsos
573 2611 776 2674 immanioris
791 2611 1001 2676 insectatione
1018 2612 1138 2696 pariter·
1152 2622 1248 2695 atqua

165 2713 207 2775 ela
226 2711 409 2776 adulatione
432 2728 491 2794 per
507 2711 695 2774 uniuersum
710 2731 812 2794 opuss
835 2711 946 2784 cuius,
969 2731 1192 2794 quaecumque
1213 2715 1247 2774 in

165 2831 207 2874 eo
224 2807 479 2895 reprehenderis,
501 2809 542 2872 ad
561 2809 798 2894 cognoscendas
813 2831 865 2872 rer
882 2819 984 2894 gestes
1000 2831 1161 2874 summum
1175 2831 1248 2896 pre·

164 2910 246 2972 tium
263 2919 359 2994 atque
379 2909 474 2972 unica
491 2909 612 2972 utilitas
633 2918 690 2972 ert.
733 2908 845 2971 ltaliae
864 2917 970 2972 umen
990 2909 1118 2994 negotis
1133 2929 1246 2992 parurn

165 3007 293 3092 cognita
321 3007 468 3070 hahuisse
488 3007 632 3085 ridetur,
661 3007 695 3068 in
723 3007 936 3070 orientalibus
959 3006 1055 3090 louge
1084 3007 1244 3076 remetiar.

165 3109 271 3186 Quem
287 3105 313 3169 si
329 3103 487 3190 Procopio
505 3126 604 3188 quum
620 3105 753 3189 ingenio
769 3114 840 3167 tum
852 3104 939 3168 cirili
955 3104 1151 3188 militarique
1165 3127 1243 3189 pru·

164 3205 274 3268 dentia
288 3205 383 3290 longe
392 3203 579 3266 interiorem
587 3225 655 3266 ease
670 3203 820 3266 Gibbono
833 3203 927 3268 lacile
939 3204 1149 3276 concesserim
1162 3205 1245 3269 late·

162 3303 354 3368 beretamen
365 3304 477 3368 eadem
489 3303 615 3366 ratione
626 3323 724 3386 super
735 3312 990 3380 ceterosomner,
1007 3303 1064 3384 qui
1078 3304 1243 3368 consecuti

164 3411 259 3480 suat,
280 3403 440 3466 emineres
460 3402 563 3464 virum
576 3409 682 3487 autem
690 3403 792 3464 multo
810 3400 978 3464 meliorem
991 3421 1058 3464 esse
1074 3403 1241 3488 Procopio.

249 3498 445 3562 Christianos
460 3522 500 3562 sn
522 3500 638 3576 luerit,
659 3500 694 3560 in
717 3510 883 3582 utramque
901 3506 1032 3582 *partem
1049 3500 1242 3585 disputatum

161 3607 227 3661 ests
251 3617 363 3657 rernm
381 3586 467 3660 ediio
479 3598 707 3682 epigrammata
725 3619 791 3682 qno
805 3597 947 3660 tabulam
959 3596 1163 3682 Archangalo
1183 3599 1242 3662 de·

160 3697 249 3760 dicat
265 3695 331 3773 ²⁷),
353 3693 441 3756 illam
454 3697 642 3780 religionem
650 3695 826 3780 proiearurn
842 3717 911 3758 esse
931 3703 1020 3758 extra
1041 3697 1174 3759 dubium
1185 3705 1246 3760 est.-

160 3796 186 3858 Δ
204 3815 270 3878 qno
293 3793 320 3856 si
340 3793 542 3872 discesseris,
572 3797 661 3856 inter
674 3804 779 3858 cetere
792 3793 1020 3879 qaseproierri
1037 3804 1169 3876 possent
1188 3793 1240 3856 fir·

161 3893 336 3957 rarissimum
359 3892 504 3956 eiusdem
523 3892 684 3977 opinionis
701 3901 926 3976 argumentum
944 3900 1038 3970 esset,
1060 3893 1147 3975 qnod
1167 3911 1241 3975 apo·
1276 3959 1283 3968 ,

159 3993 333 4078 plathegma
346 4011 387 4054 en
407 4011 494 4055 noro
507 3991 636 4056 loedere
645 3991 828 4058 ribinotum
842 4013 910 4058 esrc
920 3991 1028 4077 prodit
1039 3991 1095 4068 2Ι).
1127 3991 1251 4074 Neque

197 4157 243 4226 ap)
258 4157 378 4228 Epignd.
428 4158 615 4230 28)Hist.11t
635 4175 673 4212 ra.
691 4157 822 4231 pudici.
841 4155 1055 4228 Indicemgraec.
1072 4170 1092 4204 r·
1112 4111 1251 4218 excides.⁸

194 4276 336 4346 Agantur.
613 4230 620 4248 Ι
791 4246 798 4258 ⁸
927 4273 942 4320 l
