3162 4920
498 315 776 382 ursronunuu
808 319 847 382 u.
869 320 898 390 ε.
1185 283 1238 398 73

169 470 202 541 τό
226 474 406 560 στράτευμα
433 468 488 535 osis
510 466 690 553 ἐπεπόμφει·
715 469 769 533 καί
791 468 999 550 όπετόπαζεν,
1020 463 1063 544 τός
1082 465 1139 531 οδκ
1154 457 1196 530 όν
1210 465 1319 542 dcte.
1337 481 1387 539 553

169 553 497 654 τοοσότονέμίλλησεν,
518 570 549 634 εί
560 563 605 653 μή
623 593 655 631 τι
662 567 768 643 αὐτοῖς
785 566 960 652 ξυνηνέχθη
976 563 1076 632 δεινόν
1093 567 1147 630 καί
1154 554 1271 630 ἄντί-ό·
1281 553 1341 623 ¹·27

171 675 253 749 ξοον·
269 668 350 754 πλὴν
374 665 453 732 άλλά
473 666 529 732 καί
550 664 676 732 ἐκείνων
698 655 771 728 iseo
791 665 990 748 περιέσεσθαι
1015 664 1077 730 τάν
1091 663 1246 744 πολεμίων

169 768 290 852 ἡγεῖτο,
319 765 374 832 irs
397 763 436 851 δὴ
460 767 503 854 τῷ
533 763 647 849 πλήθει
669 765 724 828 καί
740 756 784 838 oie
806 760 1017 846 ὑπερβάλλων.
1036 765 1069 839 ές
1083 771 1166 848 τρεῖς
1183 759 1244 847 γάρ

151 864 255 954 initui
275 863 411 946 μάλιστα
430 860 589 949 μυριάδας
605 859 756 943 μαχίμων
777 859 901 944 ἀνδρῶν
921 857 942 942 ἡ
959 861 1121 944 λειπομένη
1146 883 1244 945 στρα-

169 963 224 1030 τιά
248 963 456 1040 ξυνετάττετο·
471 961 491 1048 ἢ
509 963 544 1026 δέ
567 963 630 1026 τῶν
642 959 813 1040 Ῥωμαίων
828 953 962 1039 δόνσμις
979 954 1068 1039 μόλις
1091 959 1126 1023 όν
1151 954 1246 1024 όντω-

170 1063 299 1128 ιιαίδεκα
320 1060 459 1145 χιλιάσιν
483 1059 654 1142 δτόγχανεν
672 1048 761 1122 οδσα.

253 1162 280 1225 έ.
313 1157 428 1238 Adsis
448 1181 482 1224 sa
511 1155 549 1242 δὴ
576 1147 633 1222 oda
658 1147 721 1222 ὧδέ
743 1178 809 1232 πως
832 1145 953 1240 δριστα
972 1147 1042 1240 εἶχε
1055 1158 1244 1240 προθομίας,

171 1261 226 1326 καί
242 1253 359 1324 άπαντι
372 1260 414 1346 τῷ
437 1259 559 1344 στρατῷ
575 1251 793 1342 παρεκελεόετο
811 1252 990 1336 γιγνώσκειν
995 1303 1008 1338 ,
1035 1253 1079 1331 ὥς
1099 1251 1116 1320 ό
1133 1251 1244 1340 πσροόν

135 1352 264 1442 ιοάγάν
285 1357 343 1422 osis
363 1357 416 1420 έπί
435 1357 556 1440 σμικρῷ
573 1375 635 1418 τινι
650 1351 799 1438 χωρήσει,
818 1351 907 1433 ,ἄλλ’
922 1345 944 1437 ἢ
959 1353 1157 1434 καθδξομεν,”
1178 1349 1279 1438 ἔρρε

171 1453 249 1540 ,μὴν
261 1457 414 1536 Ἰταλίαν,
434 1445 471 1518 οὗ
491 1452 530 1536 δὴ
550 1450 604 1516 καί
618 1455 703 1518 ἓκατι
717 1449 911 1538 ἀφικόμεθα,
932 1443 953 1536 ἢ
976 1451 1151 1532 λελεόμεται
1173 1447 1249 1536 ἡμῖν

172 1550 291 1618 άπασιν
306 1553 422 1628 ἀκλεῶς
432 1547 712 1618 ένθάδετεθνάναι.
733 1550 845 1614 οδκοῦν
862 1545 929 1613 τόδε
944 1549 1036 1635 ἡμᾶς,
1057 1543 1248 1632 σέγεννοιῖοι,

172 1645 241 1718 ἄντ’
259 1653 376 1718 ἐκείνου
398 1646 528 1716 ἑλέσθαι
551 1647 717 1736 προσήκει,
749 1645 817 1726 ἐξόν
843 1639 962 1734 ἄνδρας
987 1645 1126 1732 δγαθοός
1149 1649 1184 1714 έν
1199 1651 1245 1736 τῷ

171 1753 296 1872 πολέμιγ
321 1752 534 1833 γιγνομένοις,
564 1747 742 1821 ἀπόνασθαι
766 1737 811 1816 ὧν
841 1749 1027 1834 έφιέμεθα.”
1066 1751 1249 1822 Βοοτιλῖνος

137 1850 233 1932 sindo
250 1873 307 1915 οον
321 1846 419 1913 ταῦτά
434 1871 468 1912 τε
489 1845 544 1912 καί
561 1845 601 1912 τά
620 1848 725 1912 τοιάδε
745 1847 906 1932 παραινῶν
925 1856 991 1922 τοῖς
1014 1847 1167 1931 πλήθεσιν
1190 1843 1248 1910 osis

172 1946 264 2012 δνίει.
285 1945 316 2010 οῖ
330 1949 366 2011 δὲ
385 1943 619 2035 έπεῤῥιόννονεο
638 1955 712 2024 ταῖς
734 1947 860 2029 ἐλπίσι,
885 1942 940 2011 καί
953 1942 993 2011 τά
1015 1939 1113 2030 ὅπλα,
1140 1937 1184 2022 οἷς
1203 1969 1246 2029 περ

171 2039 292 2134 ἑκάστῳ
316 2048 437 2132 φίλονμ
447 2043 722 2132 παρεσκευάζοντο.
754 2045 817 2110 αἱδί
845 2049 904 2125 μὲν
928 2041 990 2131 γάρ
1011 2048 1148 2122 πελέκεις
1171 2041 1246 2130 ἐθό-

172 2165 264 2228 γοντο
279 2145 402 2224 πολλοί,
422 2143 485 2209 nidi
502 2147 537 2208 δέ
563 2141 603 2209 τά
621 2141 774 2230 έπιχαόρια
796 2140 933 2229 δόρατα,
963 2143 993 2209 oi
1012 2135 1160 2228 όόγγωνες,
1181 2138 1247 2208 irs-

174 2243 258 2326 ρωθι
273 2241 309 2304 δέ
329 2242 392 2305 τῶν
411 2242 553 2306 ἀσπίδων
572 2241 605 2306 ui
629 2241 834 2328 διερρωγοῖαι
857 2239 934 2328 πρός
957 2239 992 2308 τό
1015 2239 1138 2328 ένεργόν
1156 2263 1251 2322 μετε-

134 2337 329 2416 nonomine,
355 2341 409 2400 καί
426 2337 543 2424 ῥᾳδίως
562 2339 665 2415 adroic
681 2333 806 2404 ἅπαντα
827 2339 1068 2424 παρεσκεύαστο.
1099 2339 1168 2422 λιτὴ
1191 2335 1282 2422 γόρο

176 2434 266 2502 τοῦδε
278 2437 334 2498 τοῦ
351 2431 465 2512 ἔθνους
487 2433 506 2520 ἡ
524 2430 661 2518 ὅπλισις,
679 2439 737 2501 καί
753 2439 805 2502 οἵα
821 2435 858 2500 οδ
880 2439 1029 2518 τεχνιτῶν
1047 2439 1252 2501 δεῖσθαιποι-

176 2535 287 2614 κιλων,
301 2524 433 2616 ἢμόνον
442 2531 497 2598 u‘n'
507 2533 613 2600 oticsis
629 2531 718 2618 οἶμαι
736 2537 800 2600 τῶν
813 2536 986 2621 χρωμένων
1003 2536 1253 2616 διακοσμείσθαι,

244 2632 393 2689 osseum
401 2635 440 2702 ii,
457 2635 567 2690 ἐκείνου
579 2637 686 2706 ruisset
697 2639 780 2708 lntpr.
820 2631 1004 2701 τιδίγκαλδκ.
1019 2639 1059 2702 ib,
1076 2633 1109 2702 δὴ
1124 2634 1165 2688 ἔκ.
1180 2635 1251 2706 vulg

245 2699 350 2758 ἐνθάδε
362 2709 440 2765 τεθν.
457 2707 496 2771 tt,
513 2708 597 2776 Intpr.
617 2705 663 2762 bic
676 2709 832 2772 στονόεσσαν,
853 2697 884 2760 τό
898 2711 973 2761 teir.
996 2709 1065 2779 vulg.
1118 2724 1156 2777 ιγ.
1171 2709 1253 2770 ξονι·

246 2773 415 2838 σκευάζοντα
425 2775 453 2828 Η.
493 2794 530 2847 ¹9
541 2773 725 2850 διερέρωγιιῑαι
734 2775 1037 2851 3.,διεῤῥαγοῖαιεσλρ.
1087 2779 1128 2832 οδ.
1137 2777 1156 2831 t'.
1166 2779 1252 2849 καέμ.

178 2911 242 2966 dnm
253 2911 421 2979 inaudierat3
444 2911 592 2968 mirabatur
607 2927 669 2966 vcro
684 2913 758 2984 quod
779 2915 804 2968 ei
819 2915 909 2984 copias
932 2929 1007 2978 suns,
1024 2915 1065 2966 uti
1085 2913 1158 2966 inter
1179 2913 1253 2984 ipsos

179 2992 353 3045 convenerat,
379 2999 436 3036 non
452 2983 583 3048 misisset,
613 2985 786 3056 auspicioque
803 2985 856 3056 ipsi
879 2983 1028 3048 incidebat,
1047 3001 1104 3036 non
1125 2991 1178 3035 tnm
1205 2983 1253 3035 ‹liu

176 3053 326 3106 tardaturas
344 3055 436 3116 fuisse,
454 3055 508 3107 nisi
523 3055 562 3107 eis
578 3053 615 3106 ali
636 3053 682 3108 uid
697 3056 802 3109 sinistri
818 3053 977 3126 adversique
994 3055 1150 3106 eccidisset=
1176 3053 1253 3106 nibi-

176 3123 295 3176 lominus
309 3134 398 3178 tamen
420 3125 501 3177 etiam
520 3125 580 3177 sine
597 3125 606 3176 i
631 3127 652 3178 's
671 3127 811 3178 victoriam
825 3142 853 3179 se
869 3127 903 3180 ab
920 3126 1044 3179 hostibus
1056 3130 1255 3196 reportaturum

178 3195 321 3262 eensebat;
347 3197 449 3284 quippe
476 3197 523 3266 qui
543 3195 587 3247 vel
614 3197 652 3246 sic
676 3199 812 3265 copiarum
830 3195 1007 3249 multitudine
1021 3202 1092 3248 esset
1122 3197 1253 3266 superior.

179 3263 236 3334 Qui
259 3267 331 3318 euim
353 3267 407 3336 rpsi
426 3265 547 3336 reliquus
570 3271 627 3318 erat
648 3265 834 3319 exerciturus}
854 3268 964 3338 triginta
985 3265 1148 3318 bellatorum
1168 3265 1256 3318 miliia

180 3333 337 3400 accedebat,
354 3339 533 3389 Romanorum
550 3351 613 3387 vcro
625 3337 757 3390 exereitus
770 3337 880 3391 vixdum
897 3345 954 3390 erat
963 3337 1081 3389 millium
1097 3334 1256 3388 octodecim.

251 3403 274 3454 5.
310 3405 443 3475 Quocirca
461 3415 490 3458 et
512 3407 571 3474 ipse
595 3421 674 3528 Tm
696 3409 798 3476 optime
823 3409 955 3460 animatus
973 3413 1030 3459 erat
1051 3413 1081 3457 et
1101 3408 1257 3460 universum

180 3471 328 3524 exercitum
343 3475 508 3539 hortabatur,
525 3492 581 3527 non
617 3491 632 3526 e
644 3477 738 3547 exigua
752 3477 842 3548 eliqua
852 3493 880 3530 re
895 3495 927 3531 eo
941 3477 1046 3546 proelio
1057 3475 1258 3528 decernendum

183 3557 257 3602 esse,
281 3543 343 3600 „sod
361 3552 407 3596 aut
421 3547 541 3609 italiam,
569 3545 676 3616 inquit,
704 3548 778 3600 euius
803 3549 1035 3610 noseredinus,
1062 3545 1258 3609 obtinebimus,

180 3609 296 3662 nothos
312 3629 393 3664 unum
410 3617 516 3669 iamiam
531 3615 611 3670 nobis
624 3617 760 3686 reliquum
773 3619 841 3681 erit,
860 3625 890 3669 ut
908 3633 1001 3670 omnes
1019 3617 1130 3688 inglorii
1153 3617 1258 3668 moris-

179 3697 247 3734 mur.
284 3682 356 3734 iilud
371 3685 461 3754 itaque
474 3704 524 3740 nos
541 3687 652 3758 potius,
670 3689 722 3740 viri
749 3687 848 3752 fortes,
874 3703 953 3760 quam
978 3687 1045 3752 hoc,
1075 3687 1146 3739 velle
1170 3684 1256 3738 debe-

179 3767 253 3816 ωιτη
277 3769 338 3804 cum
359 3755 389 3806 in
408 3762 498 3810 nostre
515 3774 594 3810 mauu
610 3758 647 3810 sit
665 3758 796 3826 positum,
814 3759 838 3812 si
855 3759 957 3810 strenui
974 3775 1032 3812 esse
1046 3759 1167 3817 velimus,
1187 3771 1257 3826 quae

181 3831 303 3893 optamus
319 3826 475 3895 consequi.”
509 3829 644 3882 Butilinus
662 3829 754 3898 itaque
762 3827 836 3881 bisce
855 3829 915 3882 aliis
956 3847 970 3882 e
987 3827 1077 3882 verbis
1099 3824 1257 3880 multitudi-

181 3909 242 3944 nem
258 3893 362 3948 horteri
373 3912 428 3948 non
445 3894 600 3954 desistebat.
635 3898 671 3950 Hi
684 3914 747 3951 vero
767 3898 838 3951 bona
853 3916 900 3969 spo
956 3899 1003 3962 iti,
1020 3913 1090 3951 arma
1109 3903 1141 3949 ut
1156 3887 1258 3966 τοῖσδε

184 3965 270 4015 visum
286 3973 343 4018 erat
361 3965 537 4036 apparabant.
572 3969 646 4022 Alibi
666 3970 738 4022 euim
755 3985 860 4023 secures
874 3970 975 4023 multae
993 3966 1171 4028 acuebantur,
1189 3965 1258 4018 alibi

180 4035 267 4102 patria
285 4033 408 4100 hastilia,
434 4054 504 4108 quac
521 4039 573 4108 ipsi
599 4055 716 4108 angones
733 4049 844 4104 vocant,
863 4039 930 4093 alibi
954 4047 1028 4094 scuta
1049 4037 1196 4098 confracta,
1225 4043 1257 4088 ut

185 4105 246 4156 usui
264 4113 362 4169 essent,
379 4107 580 4172 reficiebantur,
599 4111 732 4180 facileque
749 4112 815 4180 ipsis
834 4113 923 4164 omnia
942 4107 1151 4162 instruebantur.
1186 4105 1257 4158 Vilis

187 4173 259 4222 eninr
277 4183 363 4229 estet
378 4179 502 4248 neglecta
520 4179 600 4232 huius
617 4181 737 4233 nationis
755 4187 885 4234 armatura
907 4195 1031 4250 quaeque
1051 4177 1132 4230 variis
1150 4175 1257 4246 opifici-

184 4235 235 4292 bus
253 4259 309 4299 non
325 4246 461 4319 indigeam
480 4251 528 4305 scd
546 4250 628 4304 iaciie
650 4251 683 4304 ab
702 4253 776 4323 ipsis,
795 4254 843 4323 qui
862 4257 1033 4312 coutuntur,
1060 4249 1083 4301 si
1103 4245 1170 4319 quid
1189 4249 1258 4302 torte
