3162 4956
309 317 431 381 xxvm
603 319 643 382 B:
662 312 853 382 tumtun
878 311 1080 382 epistolii.

307 466 434 552 scriptia
448 447 659 536 concinuerit.
676 468 770 532 lianc
784 468 892 550 itaque
904 465 1073 551 Agathlam
1087 469 1271 552 scriptorem
1287 465 1378 528 lucu·

306 565 535 643 lentissimum,
555 587 652 650 quem
673 565 750 630 clim
768 569 903 630 Perenna
922 565 965 628 ita
987 563 1140 628 lutularat
1164 587 1201 629 ac
1223 563 1379 628 deforma·

306 673 365 744 rat,
376 673 413 726 nt
426 665 615 748 quicunque
634 685 707 732 eum
723 665 894 748 attingeret
909 664 1023 727 merito
1033 662 1228 728 exclamaret
1238 690 1245 725 ε
1256 663 1377 742 Aquam

305 765 462 835 marciban
474 753 686 845 ἐὖπρόσωπον
703 763 917 846 nitidiorequc
934 761 1076 828 laabitun
1093 783 1143 826 me
1160 761 1311 824 donatum
1326 780 1378 820 ve·
1440 763 1447 790 ⁸

304 861 352 926 bis
362 905 371 940 ‚
394 861 535 924 llluatree
550 861 809 946 Amplicaimique
826 862 918 941 viri,
939 863 1052 926 merito
1070 861 1311 926 inccribendnm
1331 858 1379 922 di-

305 961 509 1044 candumque
533 961 729 1024 existimavi:
755 961 912 1046 primum,
934 961 1022 1046 qued
1041 981 1083 1024 ex
1095 959 1155 1022 lanc
1173 969 1276 1024 ventre
1293 958 1379 1020 Aca·

303 1060 411 1124 demin*
423 1059 456 1120 iu
473 1059 576 1122 lacem
592 1059 740 1143 prodeat:
769 1059 803 1120 iu
823 1079 887 1141 qun
904 1081 1006 1144 quum
1022 1059 1084 1124 iam
1106 1058 1260 1124 tredecim
1280 1056 1379 1120 circi-

303 1167 353 1222 ter
375 1179 477 1222 annon
495 1168 600 1222 ventnc
626 1159 787 1222 beneficio
813 1157 1037 1224 luoueatiaaimc
1058 1159 1121 1224 hcc
1145 1159 1210 1222 ctio
1232 1153 1380 1220 literarie

301 1257 408 1335 iruna,
437 1256 646 1323 vehementer
660 1278 711 1318 me
732 1257 841 1322 efficio
859 1278 932 1320 men
950 1257 1136 1322 defuturum
1154 1255 1282 1341 putavi,
1315 1252 1377 1316 niai

302 1356 414 1420 darem
425 1377 554 1440 operam
574 1365 608 1418 ut
621 1366 759 1420 exstaret
771 1355 936 1442 publicum
952 1357 1082 1440 aliquod
1098 1356 1272 1440 singularia
1286 1373 1375 1416 meae

301 1474 375 1538 arga
393 1475 449 1518 vce
464 1453 681 1520 clamentiae
693 1455 838 1538 gnatique
851 1455 950 1516 animi
966 1465 1224 1518 monumentum:
1244 1451 1375 1530 deinde,

201 1579 204 1586 ¹
299 1553 387 1635 quod
409 1573 475 1616 nnn
493 1551 659 1638 indiguum
683 1553 774 1616 vobin
794 1553 857 1618 hcc
876 1553 1103 1616 munuaculum
1123 1552 1298 1616 liteaarium
1322 1550 1375 1612 in·

299 1649 456 1728 dicarem,
488 1671 561 1714 cum
578 1651 620 1714 ob
637 1651 805 1714 authorem
819 1653 925 1738 ipaum
946 1651 1003 1736 qui
1027 1651 1114 1736 apud
1132 1650 1242 1714 doctos
1264 1668 1376 1712 omnen

299 1771 423 1814 cumano
447 1770 573 1833 aemper
591 1749 652 1812 luit
670 1753 702 1813 iu
724 1751 852 1834 precio,
884 1761 953 1816 tum
977 1772 1054 1815 vero
1074 1749 1179 1834 magni
1202 1748 1291 1812 illiue
1309 1747 1375 1808 lm-

296 1848 453 1932 perateria
476 1849 567 1912 cuiae
594 1847 760 1912 historiam
785 1849 899 1914 acribit
918 1850 1066 1924 nominc;
1103 1849 1136 1911 in
1156 1871 1222 1932 qua
1240 1846 1375 1930 quidem

295 1944 429 2010 laictcrin
447 1947 546 2008 multe
563 1947 809 2014 conacribuntnr
830 1949 992 2032 sapienter
1010 1947 1120 2010 abillo
1134 1946 1377 2034 prudenterque

296 2044 492 2128 excogitate,
520 2045 771 2130 icliciaaimeqne
789 2049 944 2131 perfectu
977 2046 1127 2130 equibus
1149 2042 1306 2108 nonnulle
1325 2044 1374 2108 uti

294 2163 390 2225 spero
410 2143 442 2206 in
466 2163 542 2210 uene
559 2156 679 2211 vestros
692 2157 880 2211 convertere
901 2148 1046 2232 poteritia
1060 2145 1101 2208 ad
1118 2142 1374 2208 florentissimam

293 2241 536 2326 Iiempuhlicam
550 2255 686 2308 vestram
707 2246 930 2312 stabiliendam
950 2256 983 2311 et
1005 2245 1144 2311 neminie
1168 2244 1265 2310 acutri
1283 2245 1374 2308 cele·

290 2341 456 2423 lenitatem,
488 2365 571 2426 qnae
592 2366 699 2408 rarum
718 2367 778 2432 pro
800 2347 947 2412 libertate
978 2347 1098 2410 tuenda
1120 2355 1277 2430 sectarum
1304 2339 1393 2408 ma?

293 2443 462 2525 guiledine
481 2441 578 2527 longe
602 2444 729 2528 lateque
751 2454 799 2510 eat
817 2455 1000 2531 propagata,
1020 2445 1120 2530 magle
1135 2446 1299 2528 magiaque
1315 2467 1376 2506 au·

293 2542 440 2624 gendum.
481 2543 562 2604 Mihi
584 2543 707 2605 interea
726 2544 809 2608 nihil
826 2547 950 2626 gratian
960 2545 1108 2606 accidere
1127 2545 1256 2624 peterit,
1276 2564 1374 2625 qnam

293 2639 323 2704 ci
334 2638 512 2720 intelligam
528 2637 669 2700 eludium
689 2640 1003 2714 conmunionis,
1036 2640 1184 2702 illustres
1204 2640 1375 2726 Amplissi-

295 2735 405 2818 mique
421 2734 512 2813 Viri,
541 2735 689 2818 prebari3
718 2757 931 2818 magnumque
952 2735 1031 2798 milti
1051 2737 1266 2802 honorificum
1286 2739 1374 2808 iudi·

293 2833 380 2897 cium
403 2844 543 2898 vectium
567 2833 674 2898 calcu·
698 2833 858 2898 addiderit
882 2836 921 2903 ad
952 2835 1019 2926 alian
1043 2837 1078 2900 id
1101 2859 1205 2922 penus
1226 2849 1373 2902 veterum

293 2935 489 2996 Graecorum
516 2941 722 2996 monumenti
748 2953 766 2996 e
792 2933 1009 2998 Bibliothecae
1039 2957 1128 3000 meae
1150 2961 1238 3022 penu
1260 2937 1373 3024 depro-

293 3031 409 3094 menda
429 3041 462 3094 et
477 3030 589 3094 Latine
609 3031 765 3096 vertenda
784 3031 979 3118 publicoque
997 3036 1272 3106 communicanda.

377 3132 465 3195 Dens
484 3132 560 3215 Opt.
580 3132 664 3198 Max.
687 3130 834 3196 lllnetrea
854 3134 1115 3218 Ampliuimique
1137 3128 1226 3215 Viri,
1248 3139 1371 3220 Reipu-

292 3230 398 3294 blieae
426 3230 561 3312 eiueqne
590 3228 760 3294 seminario
780 3232 972 3297 Academiae
997 3255 1051 3297 voa
1075 3256 1173 3317 quam
1192 3235 1370 3300 diutissime

293 3335 402 3394 servet
441 3329 629 3392 incolumen.
689 3329 840 3416 Lugduni
870 3331 1074 3414 Batavorum,
1109 3333 1204 3396 Anno
1239 3331 1369 3396 Domini

294 3428 474 3490 uuxclv.
494 3428 631 3492 Kalend.
650 3427 819 3512 lanuaniin.

378 3557 454 3621 ILL.
478 3557 548 3625 DD.
571 3559 643 3627 VV.

909 3644 1151 3708 Addicticsimue

807 3763 1037 3828 Bonuvaaruaa
1060 3759 1251 3829 Vulcanius.

1044 3869 1067 3904 ιΙ
