3162 4956
619 775 657 846 B.
704 773 1108 850 VULCANH

413 927 896 994 DEDICATIO'ET
944 931 1317 997 PRAEFATIO

452 1069 459 1076 ·
582 1074 796 1128 uouuuou
826 1076 869 1126 su
905 1075 1147 1132 suuuuuu.

472 1377 684 1431 uoumss.
732 1378 1086 1446 susussmoouu
1126 1383 1251 1448 vsuo,

326 1501 381 1592 Ι).
413 1465 639 1597 10'ANN1
674 1501 756 1596 AB
792 1501 1394 1617 omuueuuuuvem,

491 1677 891 1728 IURISOONSUL'I'O
924 1679 1225 1731 cunnlssfflo

394 1813 596 1864 ILLUSTRIUII
620 1810 782 1870 ominium
805 1808 1019 1859 nummus:
1040 1811 1081 1858 ΕΙ·
1103 1809 1325 1862 ἮΕΒΤΒΚΒΙΛΕ
1364 1805 1367 1828 ¹

613 1909 794 1960 Invocuuo
820 1909 860 1957 ΕΓ
884 1913 907 1959 Α
932 1907 1104 1958 CONSILIIS.

256 2255 264 2266 ,
319 2186 416 2266 Quon
437 2187 586 2268 Agathiue
618 2205 686 2248 meo
706 2185 919 2268 superioribus
948 2167 1032 2248 hisee
1060 2183 1170 2250 diebus
1191 2185 1238 2248 acl
1252 2185 1395 2248 Illustres

318 2286 514 2348 Hollandiae
533 2299 563 2344 et
587 2283 791 2366 Westsrisiae
817 2284 955 2344 Ordines
974 2279 1095 2344 aditura
1125 2287 1304 2374 aperueris,
1335 2301 1420 2346 no-'

319 2387 416 2452 biliss.
437 2386 684 2469 amplissimoque
699 2384 771 2462 vir,
805 2395 926 2444 secutus
941 2403 973 2442 es
985 2383 1154 2462 ingenitam
1170 2385 1226 2446 tibi
1242 2385 1395 2468 planeque

317 2488 480 2568 propriam
503 2485 720 2564 benignitatem
740 2495 844 2559 tuum,
865 2494 896 2542 et
911 2482 1068 2561 singulare
1081 2483 1241 2563 quoddam
1257 2483 1395 2543 iuuandi

317 2581 512 2663 ornandique
536 2581 698 2641 literarum
717 2580 852 2640 cultores
870 2581 1018 2642 studium.
1059 2577 1156 2662 Quod
1168 2599 1246 2640 oero
1267 2581 1319 2640 illi
1331 2581 1394 2663 ipsi

319 2679 454 2738 Ordines
493 2679 552 2738 lsoc
578 2677 735 2759 quidquid
762 2691 806 2738 est
836 2700 921 2738 meae
948 2675 1069 2759 opellae
1104 2676 1223 2738 illustri
1252 2677 1392 2760 ipsorum

316 2778 437 2838 nomini
460 2777 644 2859 inscriptum
674 2774 754 2836 adeo
780 2776 949 2860 splendido
973 2776 1115 2858 proemio
1142 2778 1392 2859 compensarim

308 2869 456 2960 seceru'nt
484 2873 627 2957 profecto
661 2896 727 2937 rem
751 2877 966 2959 potentissima
975 2869 1267 2960 florentissirpoque
1286 2875 1391 2958 Repu-

316 2973 398 3036 blica
422 2994 478 3034 sua
503 2973 738 3054 dignissimam,
773 2987 804 3036 et
830 2974 908 3062 neilsi
932 2971 1120 3034 liberalitate
1147 2993 1205 3034 sua
1225 2973 1391 3056 plusquam

315 3073 400 3151 regia
417 3073 588 3134 maximum
607 3071 653 3135 ad
670 3074 727 3136 lsoo
747 3072 847 3136 studii
866 3092 963 3152 genus
986 3073 1122 3134 alacrius
1138 3071 1388 3156 persequendum

315 3169 628 3238 cnlearaddr'derunt.
665 3171 757 3233 Reate
768 3191 843 3233 aero
853 3171 1054 3249 Symmachus
1065 3169 1184 3248 (Liba.
1198 3169 1301 3251 Epist.
1312 3169 1388 3250 γᾶ),

314 3267 359 3326 ad
369 3271 555 3352 Hesperium
565 3291 653 3330 suum
663 3271 813 3343 scribens,
833 3269 912 3347 Sole,
925 3272 1038 3354 inquit,
1055 3269 1155 3330 bonas
1166 3266 1381 3328 ertesbonore

316 3363 451 3442 unuin,
475 3366 650 3452 usquehuc
670 3369 832 3452 specimen
849 3387 918 3429 esse
940 3366 1081 3430 florentis
1099 3363 1327 3447 Reipublicae,
1347 3372 1384 3426 ut

314 3461 554 3546 disciplinarum
583 3465 815 3551 professoribus
841 3465 981 3550 praemis
1010 3462 1162 3550 opulente
1190 3463 1383 3547 penduntur.

317 3561 387 3652 Quo
404 3560 530 3642 quidem
546 3564 663 3628 eximio
685 3563 837 3649 beneficio
857 3579 890 3626 ut
913 3585 960 3628 me
975 3564 1038 3627 sibi
1060 3563 1094 3622 in
1114 3573 1298 3645 perpetuum
1324 3563 1382 3624 de-

254 3673 258 3691 ·
314 3661 505 3721 vinxerunt:
525 3661 570 3720 ita
593 3663 652 3725 tibi
657 3707 669 3736 ,
701 3665 756 3724 vie
787 3663 927 3730 nobiliss.
962 3662 1017 3746 qui
1036 3679 1154 3720 summa
1174 3661 1263 3743 apud
1287 3659 1382 3722 Ordi-

314 3777 367 3818 nes
387 3758 425 3818 ob
452 3758 600 3850 eximiam
624 3760 802 3822 doctrinam
824 3760 1082 3846 prudentiamque
1108 3770 1208 3838 tuam,
1232 3771 1271 3852 ¹et
1285 3776 1382 3841 proe-

313 3855 401 3917 clara
420 3855 454 3916 in
472 3856 629 3939 liempubl.
645 3861 775 3932 merita,
797 3861 884 3922 uoles
902 3859 1090 3920 authoritate
1109 3870 1139 3918 et
1155 3857 1275 3937 gratia,
1293 3853 1383 3936 quod

313 3966 367 4014 tua
386 3955 538 4036 imprimis
564 3957 829 4021 sommendatIone
855 3957 936 4020 adeo
966 3959 1090 4022 uberem
1112 3953 1376 4038 honorificumque

312 4052 453 4116 laborum
472 4075 609 4129 meorum
621 4053 763 4138 fructum
779 4057 990 4141 perceperim,
1011 4077 1104 4140 quam
1126 4055 1280 4116 maximas
1299 4070 1381 4133 pos·-

312 4171 379 4210 sum
399 4174 455 4233 ago
471 4156 611 4234 gratius,
631 4153 788 4233 relaturus
802 4154 992 4239 aliquando,
1015 4158 1043 4216 si
1057 4155 1178 4217 occasio
1198 4163 1228 4212 et
1235 4149 1377 4232 sacttltas

311 4263 461 4333 suppetat.
509 4258 649 4334 Interea,
679 4254 823 4317 memoris
854 4255 996 4339 gratique
1025 4254 1122 4316 anion
1140 4249 1241 4312 ueluti
1262 4249 1375 4332 pignus
