3162 4956
344 305 396 371 n
715 299 810 365 VITA
839 299 1059 366 sosmtss.

343 475 484 540 pressam
504 473 571 518 essa
593 452 865 537 Romaeap.1ac.
886 447 1094 514 Masochium
1119 451 1205 519 1516.
1228 448 1282 514 toi.
1307 449 1421 533 repeti·

344 565 409 617 tam
432 554 550 617 deinde
569 554 730 638 Augustae
749 549 993 616 vindelicorum
1014 572 1074 634 per
1094 549 1220 635 sigism.
1241 549 1364 611 Grimm
1389 559 1422 610 et

343 655 386 721 M.
401 654 554 735 Wirsung
571 653 657 736 ¹5¹9·
669 652 698 730 4.
710 659 743 714 et
757 658 866 732 postca
876 669 951 710 cum
962 650 1121 733 Procopio
1140 660 1235 732 atquo
1249 647 1420 723 tornando,

343 751 479 835 aliisque
500 751 603 815 affinia
624 748 804 832 argumenti
829 747 939 825 libris,
968 748 1140 830 proemissa
1162 748 1249 812 Besti
1272 743 1420 810 Rireoani

341 850 552 934 praefatione,
573 849 714 910 Basiteae
734 867 783 930 ap.
797 846 987 930 Herragium
1006 849 1091 911 1551.
1106 847 1164 916 ici.
1176 856 1209 910 et
1220 847 1319 931 Lngd.
1332 847 1421 928 1⁵94·

342 951 372 1014 Β.
382 973 439 1010 =--
457 945 692 1011 dedicationem
708 948 866 1008 Personae
878 946 919 1007 sd
933 943 1057 1007 Sixtum
1073 945 1129 1010 IV.
1149 944 1419 1012 Poot.hi.editam

342 1067 410 1110 esse
425 1046 458 1106 in
474 1043 749 1109 dissertationibus
771 1045 851 1106 Zoni
868 1044 1031 1108 Vosaienis
1049 1044 1092 1112 lt.
1114 1064 1145 1130 p.
1167 1047 1219 1125 141
1231 1083 1273 1095 -
1284 1045 1350 1122 144.

420 1147 490 1230 Ego
512 1165 586 1206 osas
610 1165 681 1206 snm
711 1143 853 1205 editione
883 1163 967 1225 quae
989 1165 1007 1204 a
1030 1144 1178 1210 Fshricio
1203 1143 1322 1207 dicitnr
1348 1163 1418 1227 pro·

341 1244 436 1308 diisse
454 1264 542 1305 anno
568 1241 654 1324 1576.
673 1239 813 1302 Basileae
829 1262 878 1324 ap.
901 1243 936 1303 P.
955 1246 1108 1317 Pernam
1130 1243 1186 1308 sed
1208 1243 1284 1307 soni
1311 1249 1419 1304 notam

340 1343 373 1404 io
393 1341 542 1424 exemplo
558 1340 645 1423 qnod
661 1338 740 1400 mihi
759 1339 848 1402 adest
864 1341 980 1403 frustra
996 1343 1151 1424 quaesivi.
1194 1343 1242 1408 lbi
1263 1341 1417 1427 Agathino

338 1442 585 1526 praemittuntur
601 1437 746 1501 Zosimus
762 1460 780 1499 a
794 1439 1007 1520 LeooclarIo,
1028 1441 1205 1525 Procopius
1221 1464 1239 1503 a
1255 1440 1416 1527 Raphaeie

337 1543 569 1614 Volaterrano,
599 1543 802 1622 Personaqoe
819 1537 907 1622 ipsc,
937 1559 1066 1603 versura
1090 1541 1306 1628 subiiciuntnr
1323 1540 1416 1602 ambo

339 1639 507 1702 lornsodis
524 1637 648 1716 libelli,
677 1647 710 1699 et
732 1636 917 1700 Leonsrdos
936 1640 1089 1702 Aretinua
1118 1640 1158 1703 da
1182 1639 1270 1702 helio
1294 1639 1416 1704 italico.

337 1740 433 1819 Quod
451 1738 618 1818 Fabricios
640 1737 672 1799 in
692 1737 753 1800 hac
780 1736 922 1802 editione
937 1739 1118 1802 versionem
1141 1739 1295 1824 Agathino
1308 1759 1348 1800 ex
1365 1757 1417 1800 re-

337 1838 487 1900 censione
515 1838 581 1900 sive
599 1835 847 1919 interpolatione
868 1838 913 1902 Io.
932 1837 1129 1902 Leuuclarii
1143 1835 1254 1900 haheri
1268 1836 1367 1914 dicit,
1388 1835 1417 1897 is

338 1957 428 1998 error
446 1944 502 1998 est.
545 1935 633 1998 Nihil
661 1935 793 1998 mutarit
812 1936 1041 2009 Leuncisriuss
1062 1945 1232 2000 contentas
1249 1936 1329 1998 iocis
1350 1955 1415 1996 non

337 2035 418 2097 adeo
440 2035 548 2098 multis
569 2035 601 2096 in
620 2035 761 2117 margine
781 2035 1014 2097 correctionem
1033 2035 1195 2098 indicares
1223 2035 1278 2097 sed
1304 2053 1415 2118 quom,

336 2133 427 2195 finita
443 2131 670 2220 impressione,
701 2133 961 2216 ltchdigeranum
980 2133 1128 2196 codicem
1147 2133 1304 2196 utendum
1320 2153 1415 2194 acee-

334 2232 449 2317 pissct,
488 2253 525 2294 ea
551 2254 633 2315 quae
654 2231 828 2317 interpres,
864 2229 1086 2317 sive'propter
1106 2231 1229 2296 codicis
1252 2229 1414 2293 deiectum

337 2330 403 2394 aire
429 2330 470 2394 ob
497 2331 575 2394 aiios
597 2331 799 2415 nescioquas
826 2331 976 2412 rationes,
1000 2332 1166 2412 emineret,
1197 2329 1311 2394 vertite
1345 2347 1412 2389 non

336 2431 447 2514 paucis
463 2431 543 2493 locis
563 2433 659 2514 piane
681 2431 827 2495 insanam
850 2431 1029 2494 versionem
1050 2431 1183 2496 meliore
1205 2427 1354 2494 matarits
1376 2445 1414 2488 ea

337 2529 444 2590 omnia
462 2529 522 2590 auh
544 2533 642 2592 finem
666 2529 874 2612 praefationis
890 2531 1027 2593 collecta
1045 2527 1227 2612 proponite
1246 2525 1415 2606 Agathism

336 2625 558 2707 interpolatam
574 2625 746 2706 inscripsit.

419 2721 544 2782 Bellum
562 2721 718 2798 Batitini,
749 2721 888 2802 primam
911 2719 1029 2782 librum
1051 2719 1225 2801 Agathiae,
1259 2719 1412 2784 mundi-

335 2841 398 2903 qnc
418 2818 563 2894 initium,
592 2839 725 2902 magnus
741 2819 873 2882 Grotius
896 2821 993 2882 vertit
1016 2818 1048 2880 in
1068 2819 1206 2882 Historia
1221 2820 1412 2901 Gothorum,

335 2917 554 2982 vandalorum
581 2927 613 2980 ct
635 2917 936 3001 Longobardornm,
963 2919 1311 2986 Amstelod.165¹s'.8.=
1340 2937 1412 2982 sam

334 3017 515 3079 versionem
537 3015 610 3081 loco
625 3015 846 3079 Vulcanianae
871 3037 936 3078 noo
959 3015 1114 3101 posuisse,
1137 3029 1295 3103 qnatenus
1313 3026 1413 3104 patet,

334 3116 412 3178 licet
430 3116 547 3180 deinde
572 3116 612 3179 ad
629 3115 772 3198 peiorem
792 3116 995 3180 redeundum
1015 3117 1143 3200 suisset,
1164 3117 1247 3182 male
1263 3136 1314 3182 me
1330 3137 1412 3201 pos·

334 3213 423 3276 nitet.

414 3313 501 3378 Haec
519 3303 681 3392 hactenns.
708 3317 788 3378 Nam
803 3315 1047 3401 chnthologia
1064 3313 1219 3402 Agathino
1242 3313 1410 3397 dinerera,

333 3409 372 3472 ab
395 3411 458 3476 hoc
479 3412 552 3478 icco
573 3417 717 3499 meisque
742 3414 921 3480 rationibus
941 3416 1075 3482 maxima
1091 3417 1179 3482 teret
1195 3412 1347 3484 alienam.
