3162 4956
319 299 345 358 X
739 293 973 362 PRAEFATIO.

320 449 455 518 conspirat
477 449 554 518 pauci
577 446 687 520 quidem
706 463 773 519 quor
795 457 865 502 certe
883 449 987 502 ratione
1011 444 1175 500 coniiciendi
1198 445 1284 499 conari
1304 461 1384 516 poree

319 553 473 622 npperebot
515 551 578 604 Diri
596 567 692 619 cupre,
716 567 765 602 uau
784 548 964 619 behdiperani
986 546 1087 602 ecdicio
1114 546 1252 600 evanuirrc
1276 548 1385 600 laudern

270 655 276 661 ⁴
319 655 438 708 criticam
455 669 534 724 quero
552 669 585 706 ex
603 649 656 706 hoo
679 650 778 704 edendi
802 649 895 706 labore
910 650 1050 720 percipere
1077 649 1246 720 eiiqnntcnur
1273 650 1384 704 torcme

317 760 480 829 potuiraenr:
524 755 557 808 dc
575 771 627 827 que
645 771 674 810 re
697 755 804 810 citeron
823 753 933 808 coruino
950 753 1005 806 oiri
1025 750 1262 823 reprehensionem
1280 767 1386 804 vererer

318 860 420 914 nulirrn
437 860 494 912 iere
512 875 597 912 meam
613 860 643 914 in
660 873 692 912 co
712 871 840 929 eppererc
859 871 976 928 operm.
1017 855 1116 910 Libere
1139 854 1228 918 dicem
1246 854 1385 926 quomodo

319 981 361 1016 rer
379 981 408 1016 rc
425 963 522 1016 hebet:
547 961 627 1016 ruodo
649 960 722 1014 nudo
744 931 885 1014 &fluendi
901 959 946 1022 vi,
973 955 1055 1012 moto
1072 958 1203 1012 verrionio
1222 957 1385 1012 edm'naiculo

318 1083 373 1120 non
391 1083 476 1136 peuce
494 1071 566 1118 recte
585 1065 768 1127 mnteceram,
789 1062 900 1116 lecunnr
920 1077 1030 1135 quoque
1048 1060 1203 1132 reppleudo
1224 1061 1383 1113 carcieraru:

317 1167 351 1220 cle
369 1168 467 1239 quibus
484 1185 612 1232 monere,
636 1183 670 1220 cn
691 1181 745 1238 qno
761 1171 834 1218 certa
859 1181 909 1236 pro
929 1165 1091 1218 coniecturir
1108 1163 1295 1235 suppeditavit
1311 1161 1382 1215 iteh-

316 1269 466 1340 digereres,
484 1271 540 1324 aive
558 1269 651 1325 endem
669 1271 751 1340 piene
770 1269 827 1322 rire
843 1267 970 1333 meliora,
989 1269 1151 1340 contempri.
1166 1265 1318 1320 bauderune
1336 1283 1383 1318 oa-

314 1377 419 1440 ptcrern
433 1389 478 1426 rue
494 1374 553 1444 ipro
570 1372 636 1426 tecti
651 1369 741 1424 terte?
780 1369 851 1423 Turn
865 1383 947 1432 vero,
969 1376 1001 1422 nt
1018 1368 1050 1439 ici
1065 1369 1161 1424 raitenr
1177 1385 1226 1440 pro
1245 1369 1297 1422 viri
1314 1368 1383 1422 boni

314 1472 407 1528 indole
428 1474 486 1528 ficri
509 1481 615 1544 ροιιιι,
639 1489 672 1526 ea
697 1486 807 1544 quoque
831 1469 978 1524 indicenda
1000 1471 1117 1524 intonent
1140 1471 1188 1526 obi
1212 1487 1256 1524 me
1280 1487 1381 1526 emron
1427 1519 1433 1526 .

315 1574 477 1646 oppetebat:
497 1583 641 1647 utrumque
658 1573 718 1626 aine
734 1571 790 1628 uilo
809 1573 960 1628 burrum
978 1572 1076 1626 {mern
1103 1572 1245 1628 terrario
1264 1573 1294 1628 in
1309 1579 1382 1628 conr-

317 1675 497 1730 nremoranclio
518 1675 639 1732 Clorreni
656 1676 818 1731 coniecturis
838 1675 901 1727 icit.
921 1667 977 1746 Qui
992 1676 1052 1746 ipre
1067 1689 1157 1727 meum
1174 1675 1325 1745 exemplum
1340 1691 1385 1728 re-

319 1786 428 1830 cutorur
445 1795 474 1832 re
491 1779 626 1832 nominari
642 1775 797 1832 recurebet:
822 1784 903 1848 atquc
928 1793 944 1829 a
965 1791 1009 1828 rue
1026 1773 1207 1832 contendebat
1233 1783 1264 1828 ut
1288 1775 1384 1830 endem

192 1949 194 1954 Ι
313 1879 373 1948 iege
397 1897 477 1951 quom
501 1880 570 1934 rnihi
594 1881 756 1952 rcripricoern
781 1897 811 1934 re
836 1895 948 1986 puoquc
964 1882 1081 1934 meticer.
1127 1879 1227 1934 Verum
1247 1897 1384 1934 corennum

313 1983 413 2036 extorri
435 1983 593 2038 oocmritate
616 1999 675 2036 urea
694 1983 788 2037 iuveni
804 1983 931 2052 pudenti:
958 1991 991 2036 ct
1005 1983 1083 2038 itinn
1100 1989 1128 2034 et
1147 1981 1293 2054 philologia
1309 1997 1385 2036 conr-

313 2086 468 2140 mendareur
493 2094 522 2140 et
538 2087 602 2140 viria
618 2087 769 2141 iiloatribuc
793 2077 841 2158 qui
859 2103 915 2142 rem
932 2085 1071 2157 pubiicum
1088 2085 1315 2156 limburgensem
1341 2093 1384 2138 te·

311 2196 387 2240 nent
404 2188 568 2260 Argumenta
582 2188 714 2242 librorum
726 2190 895 2261 conacriprit,
914 2187 1073 2258 iudicesque
1091 2188 1210 2242 confecit
1221 2188 1295 2244 idem
1306 2189 1383 2242 Cicr-

311 2309 404 2356 rcnnr‚
427 2309 461 2346 ex
477 2293 576 2364 quibur
594 2293 638 2346 iili
651 2295 758 2365 quirce
777 2299 806 2344 et
821 2294 931 2350 nonina
949 2292 1137 2364 complectitor
1151 2309 1237 2362 peuce
1253 2291 1383 2363 quaedem

311 2393 447 2466 aclccripri.
471 2397 646 2462 Accentuuru,
665 2395 926 2470 orthographineqoe
939 2397 1070 2450 rationem
1085 2394 1276 2450 rtnbih'enciern
1292 2411 1385 2448 ruoce-

305 2499 349 2569 pit
372 2500 402 2550 in
429 2515 458 2552 ce
482 2499 639 2570 Sohopenur
655 2517 745 2555 meua:
773 2501 807 2554 aie
832 2504 909 2554 cuiue
931 2500 1053 2554 doctrine
1078 2508 1161 2567 etque
1181 2500 1292 2566 ingenio
1315 2513 1384 2566 quoe

306 2604 419 2654 rentiam
426 2635 436 2663 ,
456 2599 506 2652 hoc
520 2603 723 2672 opportunitate
741 2619 804 2654 nour
821 2602 1017 2670 praedicer-emp
1037 2601 1091 2651 uiri
1105 2599 1290 2666 huncquoque
1303 2613 1384 2666 pree·

305 2703 373 2756 sntio
397 2708 539 2772 numquam
556 2703 628 2756 iiber
645 2704 675 2756 in
697 2702 838 2774 publicum
855 2704 994 2754 emittetur
1012 2699 1048 2752 ab
1066 2716 1099 2752 eo
1116 2697 1285 2769 inspicienda
1303 2707 1384 2765 earet,

305 2801 546 2876 praevideremquc
564 2811 632 2858 tnnc
654 2819 717 2856 conr
733 2819 835 2856 rumore
852 2817 905 2874 ope
920 2807 1099 2873 pugnatorum
1116 2817 1174 2855 erre
1191 2810 1223 2855 ut
1239 2803 1288 2856 iiie
1303 2802 1382 2856 dele·

303 2923 367 2960 reno.
414 2906 440 2958 Ιι
458 2905 540 2974 igitur
554 2912 642 2960 totum
659 2905 868 2974 byzantinorum
893 2919 978 2975 opur,
1002 2911 1136 2976 quatenoc
1159 2906 1189 2958 in
1207 2903 1260 2958 hoe
1277 2906 1398 2976 oppido¹
1513 2923 1520 2936 ⁴

304 3011 376 3080 typir
389 3006 563 3072 erroribetur‚
574 3010 615 3062 ite
625 3006 819 3072 moderabitur,
838 3013 870 3061 ut
884 3007 1001 3077 ringulae
1015 3006 1135 3078 pinguiae
1152 3015 1293 3072 correctas,
1302 3016 1382 3062 unte-

304 3129 386 3184 qunrn
413 3111 464 3166 rob
480 3112 586 3182 prelum
603 3113 803 3175 immittuntur,
832 3109 868 3164 ud
885 3127 996 3182 ermen
1018 3117 1142 3179 revocem
1166 3114 1245 3182 ioque
1267 3118 1298 3163 ut
1316 3128 1381 3164 oon-

304 3223 377 3268 rtcnr
396 3217 426 3268 in
444 3215 601 3270 accentibus
626 3222 656 3268 et
671 3211 862 3285 orthographia
884 3219 1005 3268 serretur
1028 3214 1098 3268 retio
1115 3213 1226 3266 curabit
1270 3214 1380 3267 Teren·

303 3317 364 3370 ‹lncn
384 3325 474 3370 cutem
490 3317 545 3370 ribi
561 3319 703 3387 proporuit
727 3333 785 3370 eoru
802 3331 874 3388 quoe.
889 3315 954 3370 virio
970 3315 1125 3386 primariis,
1142 3315 1191 3387 qui
1205 3317 1379 3370 cummerirne

306 3435 413 3490 grnecor
432 3419 517 3472 libror
531 3419 629 3484 edunt,
650 3419 761 3489 pircuit
779 3419 834 3490 Ego
851 3434 925 3484 vero,
944 3419 969 3473 ri
988 3418 1095 3472 arbitrii
1111 3419 1165 3471 mei
1185 3426 1264 3482 erret,
1284 3419 1380 3489 vulgr-

306 3537 361 3578 rcm
383 3523 475 3592 potius
495 3539 649 3586 rervcrrem,
666 3539 745 3594 quom
759 3522 856 3576 Grneci
873 3521 956 3575 bodie
973 3529 1129 3594 coquuntur.
1148 3523 1291 3593 Perspecto
1307 3529 1379 3576 certe

305 3642 347 3678 roc
360 3633 410 3690 eet,
427 3623 523 3678 borum
538 3628 651 3680 maiorer
666 3625 794 3678 inmiude
812 3641 828 3676 a
842 3625 948 3678 oaeeulo
968 3624 1001 3678 Χ.
1021 3623 1110 3694 apices
1124 3625 1197 3678 inter
1211 3625 1383 3678 scribendum

305 3727 478 3798 apporuiore,
495 3727 534 3780 ita
554 3735 586 3780 ut
604 3725 799 3796 pronunciandi
817 3725 927 3780 modum
942 3727 1123 3780 efformarent:
1148 3725 1242 3797 itaque
1257 3724 1307 3778 hor
1325 3725 1380 3778 rai·

305 3841 361 3885 tem
375 3829 476 3884 libror:
493 3832 611 3896 Annum,
626 3830 756 3894 Nicetcrn,
779 3837 896 3884 ceteros:
914 3828 944 3880 iu
961 3829 1116 3882 recentibus
1136 3827 1170 3882 aci
1181 3826 1380 3888 Alexandrino-

290 3939 362 3986 'rom
380 3935 613 4004 grammaticorum
631 3949 746 3988 moneo
764 3949 905 3997 revocare,
925 3931 994 3985 mibi
1007 3931 1118 4004 quidem
1136 3949 1192 3986 non
1206 3931 1259 3984 ulia
1273 3931 1379 3984 ratione

305 4036 363 4090 fieri
381 4037 489 4090 ridetur
508 4055 587 4110 quern
611 4037 634 4090 ri
658 4039 688 4091 in
710 4035 821 4091 Latinoo
839 4037 953 4100 ultimae
970 4039 1066 4090 actctio
1088 4053 1149 4089 enm
1169 4034 1377 4106 orthographiae

303 4139 414 4194 modum
426 4143 556 4198 inducero
574 4143 692 4210 placeret
710 4157 726 4193 c
743 4157 798 4212 quo
818 4141 848 4193 in
867 4141 961 4194 Plauto
980 4139 1105 4194 recedere
1120 4139 1195 4194 neser
1211 4138 1288 4192 iorct
1307 4135 1376 4208 Ag·-
