<?xml version="1.0" encoding="UTF-8"?>
<!DOCTYPE html PUBLIC "-//W3C//DTD XHTML 1.0 Transitional//EN"
    "http://www.w3.org/TR/xhtml1/DTD/xhtml1-transitional.dtd">
<html xmlns="http://www.w3.org/1999/xhtml" xml:lang="en" lang="en">
 <head>
  <title>
</title>
<meta http-equiv="Content-Type" content="text/html;charset=utf-8" />
  <meta name='ocr-system' content='tesseract 3.04.00' />
  <meta name='ocr-capabilities' content='ocr_page ocr_carea ocr_par ocr_line ocrx_word'/>
</head>
<body>
  <div class='ocr_page' id='page_1' title='image "agathiaemyrinae01niebgoog_0134.png"; bbox 0 0 3162 4920; ppageno 0'>
   <div class='ocr_carea' id='block_1_1' title="bbox 535 299 1272 388">
    <p class='ocr_par' dir='ltr' id='par_1_1' title="bbox 535 299 1272 388">
     <span class='ocr_line' id='line_1_1' title="bbox 535 299 1272 388; baseline 0.018 -22"><span class='ocrx_word' id='word_1_1' title='bbox 535 299 814 368; x_wconf 66' lang='lat' dir='ltr'><strong>ursionrsuusr</strong></span> <span class='ocrx_word' id='word_1_2' title='bbox 828 305 883 366; x_wconf 81' lang='lat' dir='ltr'><strong>u.</strong></span> <span class='ocrx_word' id='word_1_3' title='bbox 908 307 957 378; x_wconf 79' lang='grc' dir='ltr'><strong><em>ιν.</em></strong></span> <span class='ocrx_word' id='word_1_4' title='bbox 1221 301 1272 388; x_wconf 89' lang='lat'><strong>91</strong></span> 
     </span>
    </p>
   </div>
   <div class='ocr_carea' id='block_1_2' title="bbox 169 443 1409 2687">
    <p class='ocr_par' dir='ltr' id='par_1_2' title="bbox 169 443 1409 2687">
     <span class='ocr_line' id='line_1_2' title="bbox 209 443 1409 534; baseline 0.002 -19"><span class='ocrx_word' id='word_1_5' title='bbox 209 451 296 534; x_wconf 66' lang='grc' dir='ltr'><strong><em>γόνος</em></strong></span> <span class='ocrx_word' id='word_1_6' title='bbox 315 446 371 514; x_wconf 69' lang='grc' dir='ltr'><strong><em>κατ’</em></strong></span> <span class='ocrx_word' id='word_1_7' title='bbox 388 449 545 532; x_wconf 70' lang='grc' dir='ltr'><strong><em>μόνωτον,</em></strong></span> <span class='ocrx_word' id='word_1_8' title='bbox 583 451 638 514; x_wconf 77' lang='grc' dir='ltr'><strong>καί</strong></span> <span class='ocrx_word' id='word_1_9' title='bbox 655 450 725 514; x_wconf 87' lang='grc' dir='ltr'><strong><em>λίαν</em></strong></span> <span class='ocrx_word' id='word_1_10' title='bbox 743 443 847 534; x_wconf 72' lang='grc' dir='ltr'><strong><em>όρθόός</em></strong></span> <span class='ocrx_word' id='word_1_11' title='bbox 864 473 903 514; x_wconf 84' lang='grc' dir='ltr'><strong>τα</strong></span> <span class='ocrx_word' id='word_1_12' title='bbox 924 447 1072 532; x_wconf 71' lang='grc' dir='ltr'><strong><em>πολεμικὰ</em></strong></span> <span class='ocrx_word' id='word_1_13' title='bbox 1095 447 1409 534; x_wconf 72' lang='grc' dir='ltr'><strong><em>ήσκημένον,λ.ῦ.5ω</em></strong></span> 
     </span>
     <span class='ocr_line' id='line_1_3' title="bbox 211 539 1375 634; baseline 0.002 -24"><span class='ocrx_word' id='word_1_14' title='bbox 211 544 371 632; x_wconf 81' lang='grc' dir='ltr'><strong><em>όπόμοιρα</em></strong></span> <span class='ocrx_word' id='word_1_15' title='bbox 391 548 427 612; x_wconf 77' lang='grc' dir='ltr'><strong>δέ</strong></span> <span class='ocrx_word' id='word_1_16' title='bbox 445 570 495 624; x_wconf 85' lang='grc' dir='ltr'><strong><em>τις</em></strong></span> <span class='ocrx_word' id='word_1_17' title='bbox 513 541 618 614; x_wconf 72' lang='lat' dir='ltr'><strong>anisnis</strong></span> <span class='ocrx_word' id='word_1_18' title='bbox 638 543 668 611; x_wconf 83' lang='lat' dir='ltr'><strong>oi</strong></span> <span class='ocrx_word' id='word_1_19' title='bbox 688 550 875 630; x_wconf 70' lang='grc' dir='ltr'><strong>νενικημένοι</strong></span> <span class='ocrx_word' id='word_1_20' title='bbox 896 550 1047 632; x_wconf 79' lang='grc' dir='ltr'><strong><em>βραχεῖα,</em></strong></span> <span class='ocrx_word' id='word_1_21' title='bbox 1083 547 1138 612; x_wconf 79' lang='grc' dir='ltr'><strong>καί</strong></span> <span class='ocrx_word' id='word_1_22' title='bbox 1156 545 1212 634; x_wconf 86' lang='grc' dir='ltr'><strong><em>όση</em></strong></span> <span class='ocrx_word' id='word_1_23' title='bbox 1230 539 1305 634; x_wconf 75' lang='grc' dir='ltr'><strong>μήι</strong></span> <span class='ocrx_word' id='word_1_24' title='bbox 1318 539 1375 607; x_wconf 70' lang='lat' dir='ltr'><strong>L²⁷</strong></span> 
     </span>
     <span class='ocr_line' id='line_1_4' title="bbox 210 638 1071 730; baseline 0.001 -21"><span class='ocrx_word' id='word_1_25' title='bbox 210 647 281 722; x_wconf 80' lang='grc' dir='ltr'><strong>δέος</strong></span> <span class='ocrx_word' id='word_1_26' title='bbox 300 641 406 722; x_wconf 78' lang='grc' dir='ltr'><strong><em>αότοῑς</em></strong></span> <span class='ocrx_word' id='word_1_27' title='bbox 424 647 587 727; x_wconf 79' lang='grc' dir='ltr'><strong><em>ἐμβαλεῖν,</em></strong></span> <span class='ocrx_word' id='word_1_28' title='bbox 622 647 743 726; x_wconf 75' lang='grc' dir='ltr'><strong><em>μᾶλλον</em></strong></span> <span class='ocrx_word' id='word_1_29' title='bbox 761 647 820 726; x_wconf 76' lang='grc' dir='ltr'><strong><em>μὲν</em></strong></span> <span class='ocrx_word' id='word_1_30' title='bbox 838 638 895 710; x_wconf 83' lang='grc' dir='ltr'><strong>σόν</strong></span> <span class='ocrx_word' id='word_1_31' title='bbox 920 648 975 712; x_wconf 80' lang='grc' dir='ltr'><strong>καί</strong></span> <span class='ocrx_word' id='word_1_32' title='bbox 992 643 1071 730; x_wconf 87' lang='grc' dir='ltr'><strong><em>πρός</em></strong></span> 
     </span>
     <span class='ocr_line' id='line_1_5' title="bbox 211 735 1309 828; baseline -0.002 -19"><span class='ocrx_word' id='word_1_33' title='bbox 211 744 338 828; x_wconf 81' lang='grc' dir='ltr'><strong><em>στῆσαι.</em></strong></span> <span class='ocrx_word' id='word_1_34' title='bbox 388 735 501 808; x_wconf 79' lang='grc' dir='ltr'><strong><em>οόκουν</em></strong></span> <span class='ocrx_word' id='word_1_35' title='bbox 533 742 615 820; x_wconf 75' lang='grc' dir='ltr'><strong><em>εἰκός</em></strong></span> <span class='ocrx_word' id='word_1_36' title='bbox 637 737 754 820; x_wconf 81' lang='grc' dir='ltr'><strong><em>αότοός</em></strong></span> <span class='ocrx_word' id='word_1_37' title='bbox 771 741 953 828; x_wconf 76' lang='grc' dir='ltr'><strong><em>ἠρεμήσειν,</em></strong></span> <span class='ocrx_word' id='word_1_38' title='bbox 988 739 1062 810; x_wconf 76' lang='lat' dir='ltr'><strong>aridi</strong></span> <span class='ocrx_word' id='word_1_39' title='bbox 1080 749 1221 822; x_wconf 70' lang='grc' dir='ltr'><strong><em>καθεξειν</em></strong></span> <span class='ocrx_word' id='word_1_40' title='bbox 1246 747 1309 813; x_wconf 70' lang='lat' dir='ltr'><strong>isis</strong></span> 
     </span>
     <span class='ocr_line' id='line_1_6' title="bbox 192 835 1284 930; baseline -0.002 -19"><span class='ocrx_word' id='word_1_41' title='bbox 192 838 375 930; x_wconf 75' lang='grc' dir='ltr'><strong><em>όόπορρλήτφ</em></strong></span> <span class='ocrx_word' id='word_1_42' title='bbox 395 840 453 926; x_wconf 87' lang='grc' dir='ltr'><strong><em>τήν</em></strong></span> <span class='ocrx_word' id='word_1_43' title='bbox 471 838 576 927; x_wconf 86' lang='grc' dir='ltr'><strong><em>όβριν,</em></strong></span> <span class='ocrx_word' id='word_1_44' title='bbox 599 835 680 907; x_wconf 69' lang='lat' dir='ltr'><strong>diti</strong></span> <span class='ocrx_word' id='word_1_45' title='bbox 699 843 815 906; x_wconf 67' lang='grc' dir='ltr'><strong><em>πλειονι</em></strong></span> <span class='ocrx_word' id='word_1_46' title='bbox 835 841 958 929; x_wconf 81' lang='grc' dir='ltr'><strong><em>στρατῷ</em></strong></span> <span class='ocrx_word' id='word_1_47' title='bbox 972 847 1044 906; x_wconf 69' lang='grc' dir='ltr'><strong><em>καθ’</em></strong></span> <span class='ocrx_word' id='word_1_48' title='bbox 1057 843 1145 928; x_wconf 77' lang='grc' dir='ltr'><strong><em>ήμῶν</em></strong></span> <span class='ocrx_word' id='word_1_49' title='bbox 1163 837 1284 929; x_wconf 87' lang='grc' dir='ltr'><strong><em>ήξουσι,</em></strong></span> 
     </span>
     <span class='ocr_line' id='line_1_7' title="bbox 212 931 1285 1034; baseline 0 -28"><span class='ocrx_word' id='word_1_50' title='bbox 212 941 269 1010; x_wconf 78' lang='grc' dir='ltr'><strong>καί</strong></span> <span class='ocrx_word' id='word_1_51' title='bbox 287 939 343 1003; x_wconf 81' lang='lat' dir='ltr'><strong>osis</strong></span> <span class='ocrx_word' id='word_1_52' title='bbox 363 942 396 1016; x_wconf 79' lang='grc' dir='ltr'><strong>ἐς</strong></span> <span class='ocrx_word' id='word_1_53' title='bbox 421 937 546 1026; x_wconf 75' lang='grc' dir='ltr'><strong><em>μακρόν</em></strong></span> <span class='ocrx_word' id='word_1_54' title='bbox 563 940 813 1034; x_wconf 71' lang='grc' dir='ltr'><strong><em>ρναμαχοόνται.</em></strong></span> <span class='ocrx_word' id='word_1_55' title='bbox 850 941 908 1002; x_wconf 84' lang='grc' dir='ltr'><strong>νόν</strong></span> <span class='ocrx_word' id='word_1_56' title='bbox 928 931 985 1004; x_wconf 81' lang='grc' dir='ltr'><strong>νόν</strong></span> <span class='ocrx_word' id='word_1_57' title='bbox 1005 937 1112 1021; x_wconf 74' lang='grc' dir='ltr'><strong><em>ὑμεῖς,</em></strong></span> <span class='ocrx_word' id='word_1_58' title='bbox 1141 942 1173 1006; x_wconf 85' lang='lat' dir='ltr'><strong>el</strong></span> <span class='ocrx_word' id='word_1_59' title='bbox 1191 943 1285 1024; x_wconf 76' lang='grc' dir='ltr'><strong><em>δοκεῖ,</em></strong></span> 
     </span>
     <span class='ocr_line' id='line_1_8' title="bbox 214 1029 1284 1125; baseline 0.005 -25"><span class='ocrx_word' id='word_1_60' title='bbox 214 1039 362 1122; x_wconf 76' lang='grc' dir='ltr'><strong>παρέντες</strong></span> <span class='ocrx_word' id='word_1_61' title='bbox 380 1035 439 1122; x_wconf 84' lang='grc' dir='ltr'><strong><em>τήν</em></strong></span> <span class='ocrx_word' id='word_1_62' title='bbox 458 1034 639 1125; x_wconf 73' lang='grc' dir='ltr'><strong><em>ῥᾳθυμίαν,</em></strong></span> <span class='ocrx_word' id='word_1_63' title='bbox 670 1033 891 1102; x_wconf 79' lang='grc' dir='ltr'><strong><em>όνανειόσασδε</em></strong></span> <span class='ocrx_word' id='word_1_64' title='bbox 909 1029 945 1100; x_wconf 92' lang='grc' dir='ltr'><strong>τό</strong></span> <span class='ocrx_word' id='word_1_65' title='bbox 963 1039 1176 1122; x_wconf 77' lang='grc' dir='ltr'><strong>φιλοκίνδυνον</strong></span> <span class='ocrx_word' id='word_1_66' title='bbox 1193 1040 1284 1122; x_wconf 80' lang='grc' dir='ltr'><strong><em>αλέον</em></strong></span> 
     </span>
     <span class='ocr_line' id='line_1_9' title="bbox 212 1128 1285 1224; baseline 0.002 -26"><span class='ocrx_word' id='word_1_67' title='bbox 212 1128 236 1218; x_wconf 83' lang='grc' dir='ltr'><strong><em>ή</em></strong></span> <span class='ocrx_word' id='word_1_68' title='bbox 252 1131 407 1220; x_wconf 87' lang='grc' dir='ltr'><strong><em>πρότερον,</em></strong></span> <span class='ocrx_word' id='word_1_69' title='bbox 422 1128 484 1224; x_wconf 84' lang='grc' dir='ltr'><strong><em>όσφ</em></strong></span> <span class='ocrx_word' id='word_1_70' title='bbox 500 1137 555 1200; x_wconf 81' lang='grc' dir='ltr'><strong>καί</strong></span> <span class='ocrx_word' id='word_1_71' title='bbox 567 1135 695 1216; x_wconf 81' lang='grc' dir='ltr'><strong><em>μείζονα</em></strong></span> <span class='ocrx_word' id='word_1_72' title='bbox 709 1135 771 1203; x_wconf 72' lang='grc' dir='ltr'><strong><em>τόν</em></strong></span> <span class='ocrx_word' id='word_1_73' title='bbox 781 1133 973 1219; x_wconf 77' lang='grc' dir='ltr'><strong><em>φθασάντων</em></strong></span> <span class='ocrx_word' id='word_1_74' title='bbox 986 1130 1030 1200; x_wconf 78' lang='grc' dir='ltr'><strong>τό</strong></span> <span class='ocrx_word' id='word_1_75' title='bbox 1043 1131 1175 1218; x_wconf 75' lang='grc' dir='ltr'><strong><em>ἐσόμενα</em></strong></span> <span class='ocrx_word' id='word_1_76' title='bbox 1189 1158 1285 1222; x_wconf 88' lang='grc' dir='ltr'><strong><em>προσ-</em></strong></span> 
     </span>
     <span class='ocr_line' id='line_1_10' title="bbox 214 1227 1284 1317; baseline 0.002 -21"><span class='ocrx_word' id='word_1_77' title='bbox 214 1231 368 1316; x_wconf 77' lang='grc' dir='ltr'><strong><em>δοκήτέον.</em></strong></span> <span class='ocrx_word' id='word_1_78' title='bbox 409 1227 491 1297; x_wconf 83' lang='grc' dir='ltr'><strong><em>οόεω</em></strong></span> <span class='ocrx_word' id='word_1_79' title='bbox 511 1231 572 1317; x_wconf 74' lang='grc' dir='ltr'><strong>γόρ</strong></span> <span class='ocrx_word' id='word_1_80' title='bbox 592 1232 683 1314; x_wconf 69' lang='lat' dir='ltr'><strong>ducis</strong></span> <span class='ocrx_word' id='word_1_81' title='bbox 702 1230 939 1312; x_wconf 70' lang='lat' dir='ltr'><strong>decretorium,</strong></span> <span class='ocrx_word' id='word_1_82' title='bbox 966 1231 997 1295; x_wconf 86' lang='grc' dir='ltr'><strong>α’</strong></span> <span class='ocrx_word' id='word_1_83' title='bbox 1012 1233 1073 1314; x_wconf 73' lang='grc' dir='ltr'><strong><em>μὲν</em></strong></span> <span class='ocrx_word' id='word_1_84' title='bbox 1092 1231 1135 1308; x_wconf 85' lang='grc' dir='ltr'><strong>οός</strong></span> <span class='ocrx_word' id='word_1_85' title='bbox 1153 1233 1284 1315; x_wconf 76' lang='grc' dir='ltr'><strong><em>τάχιστοι</em></strong></span> 
     </span>
     <span class='ocr_line' id='line_1_11' title="bbox 179 1327 1406 1421; baseline 0 -25"><span class='ocrx_word' id='word_1_86' title='bbox 179 1340 360 1417; x_wconf 80' lang='grc' dir='ltr'><strong><em>ιοπαρεΐεν,</em></strong></span> <span class='ocrx_word' id='word_1_87' title='bbox 387 1329 441 1398; x_wconf 80' lang='grc' dir='ltr'><strong>καί</strong></span> <span class='ocrx_word' id='word_1_88' title='bbox 454 1327 493 1415; x_wconf 85' lang='grc' dir='ltr'><strong>δή</strong></span> <span class='ocrx_word' id='word_1_89' title='bbox 512 1333 810 1416; x_wconf 71' lang='grc' dir='ltr'><strong><em>παρεσκευασμένοις</em></strong></span> <span class='ocrx_word' id='word_1_90' title='bbox 821 1329 899 1412; x_wconf 83' lang='grc' dir='ltr'><strong><em>όμϊν</em></strong></span> <span class='ocrx_word' id='word_1_91' title='bbox 919 1332 1131 1416; x_wconf 74' lang='grc' dir='ltr'><strong><em>προσβαλοῦσι</em></strong></span> <span class='ocrx_word' id='word_1_92' title='bbox 1145 1335 1201 1399; x_wconf 80' lang='grc' dir='ltr'><strong>καί</strong></span> <span class='ocrx_word' id='word_1_93' title='bbox 1211 1334 1286 1408; x_wconf 78' lang='grc' dir='ltr'><strong><em>οἵοις</em></strong></span> <span class='ocrx_word' id='word_1_94' title='bbox 1403 1410 1406 1421; x_wconf 89' lang='lat'><strong>.</strong></span> 
     </span>
     <span class='ocr_line' id='line_1_12' title="bbox 214 1429 1286 1520; baseline 0.004 -27"><span class='ocrx_word' id='word_1_95' title='bbox 214 1430 391 1514; x_wconf 87' lang='grc' dir='ltr'><strong><em>μελλήσεως</em></strong></span> <span class='ocrx_word' id='word_1_96' title='bbox 406 1429 453 1514; x_wconf 89' lang='grc' dir='ltr'><strong>μή</strong></span> <span class='ocrx_word' id='word_1_97' title='bbox 467 1431 681 1516; x_wconf 80' lang='grc' dir='ltr'><strong><em>προσδεῖσθαι.</em></strong></span> <span class='ocrx_word' id='word_1_98' title='bbox 703 1432 734 1496; x_wconf 80' lang='grc' dir='ltr'><strong><em>εί</em></strong></span> <span class='ocrx_word' id='word_1_99' title='bbox 748 1432 855 1494; x_wconf 76' lang='lat' dir='ltr'><strong>disci</strong></span> <span class='ocrx_word' id='word_1_100' title='bbox 868 1431 1063 1497; x_wconf 78' lang='grc' dir='ltr'><strong><em>παντάπασιν</em></strong></span> <span class='ocrx_word' id='word_1_101' title='bbox 1074 1432 1199 1515; x_wconf 74' lang='grc' dir='ltr'><strong><em>ἐνδοῖεν,</em></strong></span> <span class='ocrx_word' id='word_1_102' title='bbox 1224 1433 1286 1520; x_wconf 80' lang='grc' dir='ltr'><strong><em>(εί-</em></strong></span> 
     </span>
     <span class='ocr_line' id='line_1_13' title="bbox 215 1519 1285 1616; baseline 0.005 -25"><span class='ocrx_word' id='word_1_103' title='bbox 215 1526 325 1612; x_wconf 77' lang='grc' dir='ltr'><strong><em>ρήσθω</em></strong></span> <span class='ocrx_word' id='word_1_104' title='bbox 340 1525 401 1613; x_wconf 79' lang='grc' dir='ltr'><strong>γόρ</strong></span> <span class='ocrx_word' id='word_1_105' title='bbox 414 1519 537 1616; x_wconf 64' lang='grc' dir='ltr'><strong><em>ἄμφω)</em></strong></span> <span class='ocrx_word' id='word_1_106' title='bbox 560 1527 638 1594; x_wconf 77' lang='grc' dir='ltr'><strong><em>ἄλλό</em></strong></span> <span class='ocrx_word' id='word_1_107' title='bbox 660 1527 696 1594; x_wconf 85' lang='grc' dir='ltr'><strong>τό</strong></span> <span class='ocrx_word' id='word_1_108' title='bbox 715 1550 751 1611; x_wconf 74' lang='grc' dir='ltr'><strong><em>γε</em></strong></span> <span class='ocrx_word' id='word_1_109' title='bbox 765 1523 915 1614; x_wconf 85' lang='grc' dir='ltr'><strong><em>όμέτερον</em></strong></span> <span class='ocrx_word' id='word_1_110' title='bbox 935 1529 969 1592; x_wconf 86' lang='grc' dir='ltr'><strong><em>ἐν</em></strong></span> <span class='ocrx_word' id='word_1_111' title='bbox 985 1526 1127 1615; x_wconf 73' lang='grc' dir='ltr'><strong><em>ἀσφαλεῖ</em></strong></span> <span class='ocrx_word' id='word_1_112' title='bbox 1135 1533 1285 1614; x_wconf 76' lang='grc' dir='ltr'><strong><em>καλειται,</em></strong></span> 
     </span>
     <span class='ocr_line' id='line_1_14' title="bbox 213 1619 1313 1712; baseline 0.005 -23"><span class='ocrx_word' id='word_1_113' title='bbox 213 1623 270 1694; x_wconf 72' lang='grc' dir='ltr'><strong>καί</strong></span> <span class='ocrx_word' id='word_1_114' title='bbox 294 1627 334 1694; x_wconf 81' lang='grc' dir='ltr'><strong>τό</strong></span> <span class='ocrx_word' id='word_1_115' title='bbox 359 1625 510 1712; x_wconf 71' lang='lat' dir='ltr'><strong>suduosis</strong></span> <span class='ocrx_word' id='word_1_116' title='bbox 537 1623 657 1706; x_wconf 78' lang='grc' dir='ltr'><strong><em>δόξαιτε</em></strong></span> <span class='ocrx_word' id='word_1_117' title='bbox 685 1619 726 1692; x_wconf 81' lang='grc' dir='ltr'><strong><em>όν</em></strong></span> <span class='ocrx_word' id='word_1_118' title='bbox 755 1627 1008 1710; x_wconf 50' lang='lat' dir='ltr'><strong>associatorum</strong></span> <span class='ocrx_word' id='word_1_119' title='bbox 1059 1631 1195 1694; x_wconf 80' lang='grc' dir='ltr'><strong><em>Τοιαόεα</em></strong></span> <span class='ocrx_word' id='word_1_120' title='bbox 1227 1625 1313 1702; x_wconf 76' lang='grc' dir='ltr'><strong>τοῦο</strong></span> 
     </span>
     <span class='ocr_line' id='line_1_15' title="bbox 215 1720 1286 1814; baseline -0.001 -20"><span class='ocrx_word' id='word_1_121' title='bbox 215 1728 347 1814; x_wconf 83' lang='grc' dir='ltr'><strong><em>Ναρσοῦ</em></strong></span> <span class='ocrx_word' id='word_1_122' title='bbox 366 1729 626 1812; x_wconf 80' lang='grc' dir='ltr'><strong><em>παραινέσαντος,</em></strong></span> <span class='ocrx_word' id='word_1_123' title='bbox 659 1723 756 1800; x_wconf 74' lang='grc' dir='ltr'><strong><em>αἰδώς</em></strong></span> <span class='ocrx_word' id='word_1_124' title='bbox 775 1720 897 1798; x_wconf 77' lang='grc' dir='ltr'><strong><em>ἅπαντα</em></strong></span> <span class='ocrx_word' id='word_1_125' title='bbox 916 1733 1057 1809; x_wconf 67' lang='grc' dir='ltr'><strong><em>νατελχεν</em></strong></span> <span class='ocrx_word' id='word_1_126' title='bbox 1076 1723 1133 1793; x_wconf 85' lang='grc' dir='ltr'><strong><em>τόν</em></strong></span> <span class='ocrx_word' id='word_1_127' title='bbox 1151 1722 1286 1813; x_wconf 84' lang='grc' dir='ltr'><strong><em>στρατόν</em></strong></span> 
     </span>
     <span class='ocr_line' id='line_1_16' title="bbox 178 1819 1363 1909; baseline 0.001 -19"><span class='ocrx_word' id='word_1_128' title='bbox 178 1826 385 1908; x_wconf 72' lang='grc' dir='ltr'><strong><em>ιδμετνμέλον</em></strong></span> <span class='ocrx_word' id='word_1_129' title='bbox 405 1824 513 1900; x_wconf 79' lang='grc' dir='ltr'><strong><em>αότοῖς</em></strong></span> <span class='ocrx_word' id='word_1_130' title='bbox 526 1825 581 1909; x_wconf 77' lang='grc' dir='ltr'><strong>τῆς</strong></span> <span class='ocrx_word' id='word_1_131' title='bbox 597 1825 769 1908; x_wconf 88' lang='grc' dir='ltr'><strong><em>παροινίας.</em></strong></span> <span class='ocrx_word' id='word_1_132' title='bbox 796 1821 852 1888; x_wconf 82' lang='grc' dir='ltr'><strong>καί</strong></span> <span class='ocrx_word' id='word_1_133' title='bbox 869 1820 898 1888; x_wconf 78' lang='grc' dir='ltr'><strong>οἱ</strong></span> <span class='ocrx_word' id='word_1_134' title='bbox 912 1825 970 1905; x_wconf 76' lang='grc' dir='ltr'><strong><em>μὲν</em></strong></span> <span class='ocrx_word' id='word_1_135' title='bbox 987 1820 1022 1889; x_wconf 87' lang='grc' dir='ltr'><strong>τό</strong></span> <span class='ocrx_word' id='word_1_136' title='bbox 1039 1827 1164 1906; x_wconf 73' lang='grc' dir='ltr'><strong><em>ἐκμελές</em></strong></span> <span class='ocrx_word' id='word_1_137' title='bbox 1184 1849 1218 1890; x_wconf 87' lang='grc' dir='ltr'><strong><em>τε</em></strong></span> <span class='ocrx_word' id='word_1_138' title='bbox 1233 1822 1289 1891; x_wconf 72' lang='grc' dir='ltr'><strong>καί</strong></span> <span class='ocrx_word' id='word_1_139' title='bbox 1309 1875 1314 1884; x_wconf 87' lang='grc'>.</span> <span class='ocrx_word' id='word_1_140' title='bbox 1359 1819 1363 1828; x_wconf 68' lang='grc'><strong>’</strong></span> 
     </span>
     <span class='ocr_line' id='line_1_17' title="bbox 213 1915 1287 2014; baseline 0.005 -28"><span class='ocrx_word' id='word_1_141' title='bbox 213 1921 438 2012; x_wconf 68' lang='grc' dir='ltr'><strong><em>όκολασταῑνον</em></strong></span> <span class='ocrx_word' id='word_1_142' title='bbox 457 1925 512 2008; x_wconf 79' lang='grc' dir='ltr'><strong>τῆς</strong></span> <span class='ocrx_word' id='word_1_143' title='bbox 530 1917 655 2014; x_wconf 74' lang='grc' dir='ltr'><strong><em>ρνιόμης</em></strong></span> <span class='ocrx_word' id='word_1_144' title='bbox 671 1915 891 2005; x_wconf 81' lang='grc' dir='ltr'><strong><em>όποβαλόντες,</em></strong></span> <span class='ocrx_word' id='word_1_145' title='bbox 901 1918 998 1998; x_wconf 44' lang='grc' dir='ltr'><strong>ἣἐς“τοὶ</strong></span> <span class='ocrx_word' id='word_1_146' title='bbox 1013 1922 1132 2012; x_wconf 89' lang='grc' dir='ltr'><strong><em>π’ότρια</em></strong></span> <span class='ocrx_word' id='word_1_147' title='bbox 1151 1915 1215 2012; x_wconf 71' lang='grc' dir='ltr'><strong>ἤδη</strong></span> <span class='ocrx_word' id='word_1_148' title='bbox 1229 1947 1287 2008; x_wconf 79' lang='grc' dir='ltr'><strong><em>με·</em></strong></span> 
     </span>
     <span class='ocr_line' id='line_1_18' title="bbox 211 2027 504 2106; baseline 0 -18"><span class='ocrx_word' id='word_1_149' title='bbox 211 2027 427 2106; x_wconf 84' lang='grc' dir='ltr'><strong><em>τεκοσμοόντο.</em></strong></span> <span class='ocrx_word' id='word_1_150' title='bbox 498 2095 504 2104; x_wconf 53' lang='grc'><strong><em>,</em></strong></span> 
     </span>
     <span class='ocr_line' id='line_1_19' title="bbox 294 2113 1287 2206; baseline 0.002 -20"><span class='ocrx_word' id='word_1_151' title='bbox 294 2117 342 2204; x_wconf 76' lang='grc' dir='ltr'><strong><em>ον’.</em></strong></span> <span class='ocrx_word' id='word_1_152' title='bbox 378 2121 579 2206; x_wconf 83' lang='grc' dir='ltr'><strong><em>Ἀποδασμός</em></strong></span> <span class='ocrx_word' id='word_1_153' title='bbox 611 2125 647 2189; x_wconf 83' lang='lat' dir='ltr'><strong>di</strong></span> <span class='ocrx_word' id='word_1_154' title='bbox 666 2125 730 2188; x_wconf 85' lang='grc' dir='ltr'><strong><em>τιόν</em></strong></span> <span class='ocrx_word' id='word_1_155' title='bbox 748 2125 779 2188; x_wconf 86' lang='grc' dir='ltr'><em>Γ</em></span> <span class='ocrx_word' id='word_1_156' title='bbox 777 2122 879 2186; x_wconf 77' lang='grc' dir='ltr'><strong><em>ότθων</em></strong></span> <span class='ocrx_word' id='word_1_157' title='bbox 905 2123 940 2196; x_wconf 77' lang='grc' dir='ltr'><strong>ἐς</strong></span> <span class='ocrx_word' id='word_1_158' title='bbox 957 2116 1210 2205; x_wconf 76' lang='grc' dir='ltr'><strong><em>ἑπτακισχιλίους</em></strong></span> <span class='ocrx_word' id='word_1_159' title='bbox 1230 2113 1287 2188; x_wconf 80' lang='grc' dir='ltr'><strong><em>όν·</em></strong></span> 
     </span>
     <span class='ocr_line' id='line_1_20' title="bbox 213 2217 1288 2306; baseline 0.004 -26"><span class='ocrx_word' id='word_1_160' title='bbox 213 2219 292 2302; x_wconf 89' lang='grc' dir='ltr'><strong><em>δρας</em></strong></span> <span class='ocrx_word' id='word_1_161' title='bbox 309 2220 468 2300; x_wconf 74' lang='grc' dir='ltr'><strong><em>μαχίμους</em></strong></span> <span class='ocrx_word' id='word_1_162' title='bbox 486 2221 732 2306; x_wconf 73' lang='grc' dir='ltr'><strong><em>ἀποκεκριμένοι,</em></strong></span> <span class='ocrx_word' id='word_1_163' title='bbox 759 2219 792 2285; x_wconf 80' lang='grc' dir='ltr'><strong><em>ολ</em></strong></span> <span class='ocrx_word' id='word_1_164' title='bbox 806 2217 844 2303; x_wconf 87' lang='grc' dir='ltr'><strong>δή</strong></span> <span class='ocrx_word' id='word_1_165' title='bbox 860 2219 1028 2302; x_wconf 60' lang='grc' dir='ltr'><strong><em>ἐτιήιχανον</em></strong></span> <span class='ocrx_word' id='word_1_166' title='bbox 1045 2224 1203 2302; x_wconf 79' lang='grc' dir='ltr'><strong><em>πολλαχοῦ</em></strong></span> <span class='ocrx_word' id='word_1_167' title='bbox 1223 2227 1288 2296; x_wconf 75' lang='grc' dir='ltr'><strong><em>τοῖς</em></strong></span> 
     </span>
     <span class='ocr_line' id='line_1_21' title="bbox 169 2311 1289 2402; baseline 0.002 -24"><span class='ocrx_word' id='word_1_168' title='bbox 169 2311 371 2398; x_wconf 73' lang='grc' dir='ltr'><strong><em>αῠΦρόγμοις</em></strong></span> <span class='ocrx_word' id='word_1_169' title='bbox 383 2316 694 2402; x_wconf 70' lang='grc' dir='ltr'><strong><em>προσβεβοηθηκότες,</em></strong></span> <span class='ocrx_word' id='word_1_170' title='bbox 713 2316 903 2398; x_wconf 80' lang='grc' dir='ltr'><strong><em>λογιζόμενοι</em></strong></span> <span class='ocrx_word' id='word_1_171' title='bbox 924 2316 968 2393; x_wconf 73' lang='grc' dir='ltr'><strong>ὥς</strong></span> <span class='ocrx_word' id='word_1_172' title='bbox 991 2319 1048 2380; x_wconf 80' lang='lat' dir='ltr'><strong>usis</strong></span> <span class='ocrx_word' id='word_1_173' title='bbox 1065 2317 1233 2398; x_wconf 71' lang='grc' dir='ltr'><strong><em>αἰνήσουσιν</em></strong></span> <span class='ocrx_word' id='word_1_174' title='bbox 1257 2313 1289 2380; x_wconf 79' lang='grc' dir='ltr'><strong><em>ολ</em></strong></span> 
     </span>
     <span class='ocr_line' id='line_1_22' title="bbox 210 2405 1288 2499; baseline 0 -23"><span class='ocrx_word' id='word_1_175' title='bbox 210 2409 365 2494; x_wconf 70' lang='grc' dir='ltr'><strong><em>Ῥωμαῖοι</em></strong></span> <span class='ocrx_word' id='word_1_176' title='bbox 370 2461 382 2494; x_wconf 97' lang='grc'><strong><em>,</em></strong></span> <span class='ocrx_word' id='word_1_177' title='bbox 402 2411 469 2478; x_wconf 81' lang='grc' dir='ltr'><strong><em>ἀλλ’</em></strong></span> <span class='ocrx_word' id='word_1_178' title='bbox 483 2405 545 2499; x_wconf 82' lang='grc' dir='ltr'><strong>ήδη</strong></span> <span class='ocrx_word' id='word_1_179' title='bbox 560 2417 693 2491; x_wconf 75' lang='grc' dir='ltr'><strong><em>καὶτοῖς</em></strong></span> <span class='ocrx_word' id='word_1_180' title='bbox 707 2413 763 2478; x_wconf 88' lang='grc' dir='ltr'><strong>οόκ</strong></span> <span class='ocrx_word' id='word_1_181' title='bbox 780 2415 814 2488; x_wconf 79' lang='grc' dir='ltr'><strong>ἐς</strong></span> <span class='ocrx_word' id='word_1_182' title='bbox 826 2411 954 2499; x_wconf 86' lang='grc' dir='ltr'><strong><em>μακρόν</em></strong></span> <span class='ocrx_word' id='word_1_183' title='bbox 971 2413 1208 2494; x_wconf 75' lang='grc' dir='ltr'><strong><em>ἐπιπεσοῦνται,</em></strong></span> <span class='ocrx_word' id='word_1_184' title='bbox 1228 2412 1288 2476; x_wconf 82' lang='grc' dir='ltr'><strong>αό-</strong></span> 
     </span>
     <span class='ocr_line' id='line_1_23' title="bbox 285 2513 1284 2636; baseline -0.001 -36"><span class='ocrx_word' id='word_1_185' title='bbox 285 2565 308 2600; x_wconf 88' lang='grc' dir='ltr'><strong><em>ι.</em></strong></span> <span class='ocrx_word' id='word_1_186' title='bbox 326 2532 360 2598; x_wconf 84' lang='grc' dir='ltr'><strong>τό</strong></span> <span class='ocrx_word' id='word_1_187' title='bbox 374 2543 516 2636; x_wconf 72' lang='grc' dir='ltr'><strong><em>πολεμικὰ</em></strong></span> <span class='ocrx_word' id='word_1_188' title='bbox 529 2513 609 2618; x_wconf 72' lang='lat' dir='ltr'><strong>mirg.</strong></span> <span class='ocrx_word' id='word_1_189' title='bbox 622 2547 662 2612; x_wconf 81' lang='grc' dir='ltr'><strong>λλ,</strong></span> <span class='ocrx_word' id='word_1_190' title='bbox 678 2533 713 2600; x_wconf 81' lang='grc' dir='ltr'><strong>τό</strong></span> <span class='ocrx_word' id='word_1_191' title='bbox 726 2548 851 2618; x_wconf 75' lang='grc' dir='ltr'><strong><em>πολέμια</em></strong></span> <span class='ocrx_word' id='word_1_192' title='bbox 862 2545 932 2617; x_wconf 77' lang='lat' dir='ltr'><strong>vulg.</strong></span> <span class='ocrx_word' id='word_1_193' title='bbox 998 2547 1024 2602; x_wconf 86' lang='lat'><strong>5.</strong></span> <span class='ocrx_word' id='word_1_194' title='bbox 1040 2545 1106 2598; x_wconf 67' lang='grc' dir='ltr'><strong><em>καθ’</em></strong></span> <span class='ocrx_word' id='word_1_195' title='bbox 1119 2544 1201 2616; x_wconf 63' lang='lat' dir='ltr'><strong>ipsis</strong></span> <span class='ocrx_word' id='word_1_196' title='bbox 1213 2547 1241 2598; x_wconf 70' lang='lat' dir='ltr'><strong>ll</strong></span> <span class='ocrx_word' id='word_1_197' title='bbox 1255 2551 1284 2599; x_wconf 87' lang='lat' dir='ltr'><strong>&#39;et</strong></span> 
     </span>
     <span class='ocr_line' id='line_1_24' title="bbox 278 2615 1286 2687; baseline -0.001 -17"><span class='ocrx_word' id='word_1_198' title='bbox 278 2619 374 2685; x_wconf 68' lang='lat' dir='ltr'><strong>impr„</strong></span> <span class='ocrx_word' id='word_1_199' title='bbox 388 2620 445 2668; x_wconf 78' lang='grc' dir='ltr'><strong>καθ</strong></span> <span class='ocrx_word' id='word_1_200' title='bbox 462 2616 544 2687; x_wconf 79' lang='grc' dir='ltr'><strong><em>δμῶν</em></strong></span> <span class='ocrx_word' id='word_1_201' title='bbox 556 2619 625 2686; x_wconf 72' lang='lat' dir='ltr'><strong>vulg.</strong></span> <span class='ocrx_word' id='word_1_202' title='bbox 693 2623 718 2674; x_wconf 77' lang='grc'><strong>8.</strong></span> <span class='ocrx_word' id='word_1_203' title='bbox 734 2615 804 2670; x_wconf 84' lang='grc' dir='ltr'><strong><em>ὅσον</em></strong></span> <span class='ocrx_word' id='word_1_204' title='bbox 812 2619 844 2674; x_wconf 86' lang='grc' dir='ltr'><strong>λλ.</strong></span> <span class='ocrx_word' id='word_1_205' title='bbox 916 2635 954 2672; x_wconf 89' lang='grc' dir='ltr'><strong><em>ιο.</em></strong></span> <span class='ocrx_word' id='word_1_206' title='bbox 961 2617 1244 2686; x_wconf 69' lang='grc' dir='ltr'><strong><em>παρεσκευασμένοις</em></strong></span> <span class='ocrx_word' id='word_1_207' title='bbox 1257 2619 1286 2674; x_wconf 81' lang='lat' dir='ltr'><strong>n.</strong></span> 
     </span>
    </p>
   </div>
   <div class='ocr_carea' id='block_1_3' title="bbox 279 2681 1286 2828">
    <p class='ocr_par' dir='ltr' id='par_1_3' title="bbox 279 2681 1286 2828">
     <span class='ocr_line' id='line_1_25' title="bbox 282 2681 1286 2758; baseline -0.003 -19"><span class='ocrx_word' id='word_1_208' title='bbox 282 2705 321 2739; x_wconf 84' lang='lat' dir='ltr'><strong>ra.</strong></span> <span class='ocrx_word' id='word_1_209' title='bbox 333 2687 418 2754; x_wconf 85' lang='lat' dir='ltr'><strong>Intpr.</strong></span> <span class='ocrx_word' id='word_1_210' title='bbox 434 2701 546 2753; x_wconf 76' lang='grc' dir='ltr'><strong><em>πσιιοος</em></strong></span> <span class='ocrx_word' id='word_1_211' title='bbox 561 2691 638 2742; x_wconf 78' lang='lat' dir='ltr'><strong>male.</strong></span> <span class='ocrx_word' id='word_1_212' title='bbox 736 2691 773 2743; x_wconf 76' lang='lat' dir='ltr'><strong>ri·</strong></span> <span class='ocrx_word' id='word_1_213' title='bbox 786 2685 882 2752; x_wconf 74' lang='grc' dir='ltr'><strong><em>δόξητε</em></strong></span> <span class='ocrx_word' id='word_1_214' title='bbox 897 2683 926 2740; x_wconf 78' lang='lat' dir='ltr'><strong>B.</strong></span> <span class='ocrx_word' id='word_1_215' title='bbox 1011 2703 1049 2758; x_wconf 70' lang='grc' dir='ltr'><strong><em>ιφ</em></strong></span> <span class='ocrx_word' id='word_1_216' title='bbox 1064 2681 1286 2758; x_wconf 72' lang='grc' dir='ltr'><strong><em>οίαοκεκριμένοι</em></strong></span> 
     </span>
     <span class='ocr_line' id='line_1_26' title="bbox 279 2753 908 2828; baseline 0.006 -20"><span class='ocrx_word' id='word_1_217' title='bbox 279 2757 320 2820; x_wconf 75' lang='grc' dir='ltr'><strong>λλ,</strong></span> <span class='ocrx_word' id='word_1_218' title='bbox 336 2753 559 2828; x_wconf 76' lang='grc' dir='ltr'><strong><em>δποκενριμένος</em></strong></span> <span class='ocrx_word' id='word_1_219' title='bbox 571 2757 641 2828; x_wconf 76' lang='lat' dir='ltr'><strong>vulg.</strong></span> <span class='ocrx_word' id='word_1_220' title='bbox 712 2774 754 2812; x_wconf 87' lang='lat' dir='ltr'><strong>no.</strong></span> <span class='ocrx_word' id='word_1_221' title='bbox 765 2757 795 2810; x_wconf 88' lang='grc' dir='ltr'><strong><em>ολ</em></strong></span> <span class='ocrx_word' id='word_1_222' title='bbox 808 2773 860 2810; x_wconf 87' lang='lat' dir='ltr'><strong>om.</strong></span> <span class='ocrx_word' id='word_1_223' title='bbox 876 2759 908 2812; x_wconf 84' lang='lat' dir='ltr'><strong>li.</strong></span> 
     </span>
    </p>
   </div>
   <div class='ocr_carea' id='block_1_4' title="bbox 206 2875 1304 4200">
    <p class='ocr_par' dir='ltr' id='par_1_4' title="bbox 206 2875 1304 4061">
     <span class='ocr_line' id='line_1_27' title="bbox 213 2875 1283 2946; baseline 0 -20"><span class='ocrx_word' id='word_1_224' title='bbox 213 2889 265 2946; x_wconf 83' lang='lat' dir='ltr'><strong>qne</strong></span> <span class='ocrx_word' id='word_1_225' title='bbox 289 2882 411 2927; x_wconf 82' lang='lat' dir='ltr'><strong>naturum</strong></span> <span class='ocrx_word' id='word_1_226' title='bbox 435 2892 465 2927; x_wconf 87' lang='lat' dir='ltr'><strong>ac</strong></span> <span class='ocrx_word' id='word_1_227' title='bbox 490 2881 589 2928; x_wconf 87' lang='lat' dir='ltr'><strong>statum</strong></span> <span class='ocrx_word' id='word_1_228' title='bbox 615 2891 677 2928; x_wconf 88' lang='lat' dir='ltr'><strong>curn</strong></span> <span class='ocrx_word' id='word_1_229' title='bbox 699 2875 821 2927; x_wconf 86' lang='lat' dir='ltr'><strong>consiliis</strong></span> <span class='ocrx_word' id='word_1_230' title='bbox 847 2875 942 2928; x_wconf 81' lang='lat' dir='ltr'><strong>vestris</strong></span> <span class='ocrx_word' id='word_1_231' title='bbox 969 2891 1115 2946; x_wconf 69' lang='lat' dir='ltr'><strong>congruere</strong></span> <span class='ocrx_word' id='word_1_232' title='bbox 1139 2875 1283 2946; x_wconf 83' lang='lat' dir='ltr'><strong>quisqusm</strong></span> 
     </span>
     <span class='ocr_line' id='line_1_28' title="bbox 212 2944 1285 3014; baseline 0.001 -18"><span class='ocrx_word' id='word_1_233' title='bbox 212 2947 364 3014; x_wconf 79' lang='lat' dir='ltr'><strong>comperiat.</strong></span> <span class='ocrx_word' id='word_1_234' title='bbox 407 2947 568 2998; x_wconf 78' lang='lat' dir='ltr'><strong>Francorum</strong></span> <span class='ocrx_word' id='word_1_235' title='bbox 587 2947 659 2998; x_wconf 88' lang='lat' dir='ltr'><strong>enim</strong></span> <span class='ocrx_word' id='word_1_236' title='bbox 677 2945 752 2998; x_wconf 85' lang='lat' dir='ltr'><strong>natio</strong></span> <span class='ocrx_word' id='word_1_237' title='bbox 775 2951 816 2998; x_wconf 84' lang='lat' dir='ltr'><strong>est</strong></span> <span class='ocrx_word' id='word_1_238' title='bbox 832 2944 1039 3012; x_wconf 69' lang='lat' dir='ltr'><strong>populosissima</strong></span> <span class='ocrx_word' id='word_1_239' title='bbox 1056 2951 1085 2997; x_wconf 83' lang='lat' dir='ltr'><strong>et</strong></span> <span class='ocrx_word' id='word_1_240' title='bbox 1102 2945 1233 3008; x_wconf 80' lang='lat' dir='ltr'><strong>maxims,</strong></span> <span class='ocrx_word' id='word_1_241' title='bbox 1256 2951 1285 2998; x_wconf 83' lang='lat' dir='ltr'><strong>st</strong></span> 
     </span>
     <span class='ocr_line' id='line_1_29' title="bbox 211 3013 1284 3087; baseline 0.001 -22"><span class='ocrx_word' id='word_1_242' title='bbox 211 3017 332 3085; x_wconf 80' lang='lat' dir='ltr'><strong>apprime</strong></span> <span class='ocrx_word' id='word_1_243' title='bbox 352 3016 381 3067; x_wconf 89' lang='lat' dir='ltr'><strong>in</strong></span> <span class='ocrx_word' id='word_1_244' title='bbox 400 3032 429 3068; x_wconf 87' lang='lat' dir='ltr'><strong>rc</strong></span> <span class='ocrx_word' id='word_1_245' title='bbox 445 3015 544 3068; x_wconf 86' lang='lat' dir='ltr'><strong>bellica</strong></span> <span class='ocrx_word' id='word_1_246' title='bbox 561 3015 719 3069; x_wconf 79' lang='lat' dir='ltr'><strong>exercitata:</strong></span> <span class='ocrx_word' id='word_1_247' title='bbox 755 3024 784 3068; x_wconf 85' lang='lat' dir='ltr'><strong>ct</strong></span> <span class='ocrx_word' id='word_1_248' title='bbox 802 3017 871 3083; x_wconf 69' lang='lat' dir='ltr'><strong>caesi</strong></span> <span class='ocrx_word' id='word_1_249' title='bbox 893 3032 914 3087; x_wconf 77' lang='lat'><strong>².</strong></span> <span class='ocrx_word' id='word_1_250' title='bbox 931 3013 1012 3066; x_wconf 90' lang='lat' dir='ltr'><strong>nobis</strong></span> <span class='ocrx_word' id='word_1_251' title='bbox 1033 3015 1130 3084; x_wconf 79' lang='lat' dir='ltr'><strong>exigua</strong></span> <span class='ocrx_word' id='word_1_252' title='bbox 1151 3015 1284 3085; x_wconf 80' lang='lat' dir='ltr'>quaedam</span> 
     </span>
     <span class='ocr_line' id='line_1_30' title="bbox 208 3085 1287 3156; baseline 0.002 -21"><span class='ocrx_word' id='word_1_253' title='bbox 208 3092 287 3136; x_wconf 81' lang='lat' dir='ltr'><strong>erant</strong></span> <span class='ocrx_word' id='word_1_254' title='bbox 303 3099 394 3138; x_wconf 84' lang='lat' dir='ltr'><strong>eorum</strong></span> <span class='ocrx_word' id='word_1_255' title='bbox 411 3086 519 3154; x_wconf 84' lang='lat' dir='ltr'><strong>portio,</strong></span> <span class='ocrx_word' id='word_1_256' title='bbox 544 3085 699 3156; x_wconf 85' lang='lat' dir='ltr'><strong>etquidem</strong></span> <span class='ocrx_word' id='word_1_257' title='bbox 715 3085 839 3141; x_wconf 83' lang='lat' dir='ltr'><strong>tsntula.</strong></span> <span class='ocrx_word' id='word_1_258' title='bbox 863 3093 894 3138; x_wconf 89' lang='lat' dir='ltr'><strong>ut</strong></span> <span class='ocrx_word' id='word_1_259' title='bbox 909 3092 1010 3136; x_wconf 86' lang='lat' dir='ltr'><strong>metum</strong></span> <span class='ocrx_word' id='word_1_260' title='bbox 1029 3086 1094 3154; x_wconf 89' lang='lat' dir='ltr'><strong>ipsis</strong></span> <span class='ocrx_word' id='word_1_261' title='bbox 1111 3102 1167 3137; x_wconf 88' lang='lat' dir='ltr'><strong>non</strong></span> <span class='ocrx_word' id='word_1_262' title='bbox 1185 3087 1221 3136; x_wconf 90' lang='lat' dir='ltr'><strong>sit</strong></span> <span class='ocrx_word' id='word_1_263' title='bbox 1236 3085 1287 3138; x_wconf 86' lang='lat' dir='ltr'><strong>in-</strong></span> 
     </span>
     <span class='ocr_line' id='line_1_31' title="bbox 210 3153 1285 3225; baseline 0.001 -20"><span class='ocrx_word' id='word_1_264' title='bbox 210 3157 321 3218; x_wconf 82' lang='lat' dir='ltr'><strong>iectum,</strong></span> <span class='ocrx_word' id='word_1_265' title='bbox 338 3153 387 3207; x_wconf 88' lang='lat' dir='ltr'><strong>sed</strong></span> <span class='ocrx_word' id='word_1_266' title='bbox 404 3157 495 3224; x_wconf 86' lang='lat' dir='ltr'><strong>potius</strong></span> <span class='ocrx_word' id='word_1_267' title='bbox 513 3158 580 3208; x_wconf 85' lang='lat' dir='ltr'><strong>iram</strong></span> <span class='ocrx_word' id='word_1_268' title='bbox 598 3157 772 3208; x_wconf 79' lang='lat' dir='ltr'><strong>concitatum.</strong></span> <span class='ocrx_word' id='word_1_269' title='bbox 806 3153 960 3206; x_wconf 80' lang='lat' dir='ltr'><strong>Verisimile</strong></span> <span class='ocrx_word' id='word_1_270' title='bbox 979 3155 1072 3225; x_wconf 84' lang='lat' dir='ltr'><strong>itaque</strong></span> <span class='ocrx_word' id='word_1_271' title='bbox 1090 3171 1146 3206; x_wconf 86' lang='lat' dir='ltr'><strong>nan</strong></span> <span class='ocrx_word' id='word_1_272' title='bbox 1165 3163 1221 3219; x_wconf 85' lang='lat' dir='ltr'><strong>cst,</strong></span> <span class='ocrx_word' id='word_1_273' title='bbox 1237 3171 1285 3206; x_wconf 84' lang='lat' dir='ltr'><strong>eos</strong></span> 
     </span>
     <span class='ocr_line' id='line_1_32' title="bbox 209 3222 1284 3296; baseline 0 -20"><span class='ocrx_word' id='word_1_274' title='bbox 209 3228 420 3294; x_wconf 87' lang='lat' dir='ltr'><strong>conquieturos‚</strong></span> <span class='ocrx_word' id='word_1_275' title='bbox 447 3241 537 3296; x_wconf 83' lang='lat' dir='ltr'><strong>nsque</strong></span> <span class='ocrx_word' id='word_1_276' title='bbox 555 3225 745 3278; x_wconf 81' lang='lat' dir='ltr'><strong>contumeliam</strong></span> <span class='ocrx_word' id='word_1_277' title='bbox 762 3223 845 3276; x_wconf 78' lang='lat' dir='ltr'><strong>tacite</strong></span> <span class='ocrx_word' id='word_1_278' title='bbox 864 3225 895 3276; x_wconf 87' lang='lat' dir='ltr'><strong>iu</strong></span> <span class='ocrx_word' id='word_1_279' title='bbox 918 3229 1028 3291; x_wconf 75' lang='lat' dir='ltr'><strong>pectore</strong></span> <span class='ocrx_word' id='word_1_280' title='bbox 1044 3237 1197 3290; x_wconf 82' lang='lat' dir='ltr'><strong>pressuras,</strong></span> <span class='ocrx_word' id='word_1_281' title='bbox 1235 3222 1284 3277; x_wconf 90' lang='lat' dir='ltr'><strong>sed</strong></span> 
     </span>
     <span class='ocr_line' id='line_1_33' title="bbox 211 3292 1279 3365; baseline 0.002 -21"><span class='ocrx_word' id='word_1_282' title='bbox 211 3296 340 3348; x_wconf 86' lang='lat' dir='ltr'><strong>maiorem</strong></span> <span class='ocrx_word' id='word_1_283' title='bbox 358 3296 507 3348; x_wconf 82' lang='lat' dir='ltr'><strong>exercitum</strong></span> <span class='ocrx_word' id='word_1_284' title='bbox 527 3297 556 3346; x_wconf 91' lang='lat' dir='ltr'><strong>in</strong></span> <span class='ocrx_word' id='word_1_285' title='bbox 574 3313 624 3348; x_wconf 87' lang='lat' dir='ltr'><strong>nus</strong></span> <span class='ocrx_word' id='word_1_286' title='bbox 644 3293 786 3356; x_wconf 84' lang='lat' dir='ltr'><strong>ducturos,</strong></span> <span class='ocrx_word' id='word_1_287' title='bbox 813 3293 944 3365; x_wconf 78' lang='lat' dir='ltr'><strong>brevique</strong></span> <span class='ocrx_word' id='word_1_288' title='bbox 964 3292 1067 3346; x_wconf 84' lang='lat' dir='ltr'><strong>bellum</strong></span> <span class='ocrx_word' id='word_1_289' title='bbox 1085 3292 1279 3365; x_wconf 78' lang='lat' dir='ltr'><strong>redintegratu-</strong></span> 
     </span>
     <span class='ocr_line' id='line_1_34' title="bbox 213 3363 1284 3436; baseline 0.003 -24"><span class='ocrx_word' id='word_1_290' title='bbox 213 3379 264 3416; x_wconf 84' lang='lat' dir='ltr'><strong>ros.</strong></span> <span class='ocrx_word' id='word_1_291' title='bbox 298 3365 352 3415; x_wconf 77' lang='lat' dir='ltr'><strong>Vos</strong></span> <span class='ocrx_word' id='word_1_292' title='bbox 369 3366 460 3436; x_wconf 81' lang='lat' dir='ltr'><strong>itaque</strong></span> <span class='ocrx_word' id='word_1_293' title='bbox 479 3381 567 3427; x_wconf 85' lang='lat' dir='ltr'><strong>nunc,</strong></span> <span class='ocrx_word' id='word_1_294' title='bbox 593 3364 739 3417; x_wconf 75' lang='lat' dir='ltr'><strong>abiecturi</strong></span> <span class='ocrx_word' id='word_1_295' title='bbox 756 3363 847 3432; x_wconf 81' lang='lat' dir='ltr'><strong>placet</strong></span> <span class='ocrx_word' id='word_1_296' title='bbox 863 3363 983 3432; x_wconf 78' lang='lat' dir='ltr'><strong>ignavia,</strong></span> <span class='ocrx_word' id='word_1_297' title='bbox 1003 3364 1152 3417; x_wconf 81' lang='lat' dir='ltr'><strong>instaurate</strong></span> <span class='ocrx_word' id='word_1_298' title='bbox 1169 3374 1284 3424; x_wconf 79' lang='lat' dir='ltr'><strong>vestram</strong></span> 
     </span>
     <span class='ocr_line' id='line_1_35' title="bbox 212 3430 1282 3504; baseline 0.002 -22"><span class='ocrx_word' id='word_1_299' title='bbox 212 3434 241 3482; x_wconf 92' lang='lat' dir='ltr'><strong>iu</strong></span> <span class='ocrx_word' id='word_1_300' title='bbox 258 3430 387 3486; x_wconf 75' lang='lat' dir='ltr'><strong>adeundis</strong></span> <span class='ocrx_word' id='word_1_301' title='bbox 404 3436 533 3504; x_wconf 85' lang='lat' dir='ltr'><strong>periculis</strong></span> <span class='ocrx_word' id='word_1_302' title='bbox 550 3434 657 3487; x_wconf 85' lang='lat' dir='ltr'><strong>bellicis</strong></span> <span class='ocrx_word' id='word_1_303' title='bbox 679 3433 857 3494; x_wconf 73' lang='lat' dir='ltr'><strong>alacritatem,</strong></span> <span class='ocrx_word' id='word_1_304' title='bbox 884 3449 917 3484; x_wconf 84' lang='lat' dir='ltr'><strong>eo</strong></span> <span class='ocrx_word' id='word_1_305' title='bbox 940 3449 1021 3504; x_wconf 88' lang='lat' dir='ltr'><strong>quam</strong></span> <span class='ocrx_word' id='word_1_306' title='bbox 1038 3441 1118 3486; x_wconf 84' lang='lat' dir='ltr'><strong>autea</strong></span> <span class='ocrx_word' id='word_1_307' title='bbox 1143 3436 1282 3496; x_wconf 77' lang='lat' dir='ltr'><strong>maiorem,</strong></span> 
     </span>
     <span class='ocr_line' id='line_1_36' title="bbox 211 3501 1283 3574; baseline 0.002 -23"><span class='ocrx_word' id='word_1_308' title='bbox 211 3517 266 3570; x_wconf 89' lang='lat' dir='ltr'><strong>quo</strong></span> <span class='ocrx_word' id='word_1_309' title='bbox 288 3503 388 3553; x_wconf 84' lang='lat' dir='ltr'><strong>maiora</strong></span> <span class='ocrx_word' id='word_1_310' title='bbox 409 3506 564 3574; x_wconf 81' lang='lat' dir='ltr'><strong>praeteritis</strong></span> <span class='ocrx_word' id='word_1_311' title='bbox 588 3505 677 3558; x_wconf 85' lang='lat' dir='ltr'><strong>lutura</strong></span> <span class='ocrx_word' id='word_1_312' title='bbox 700 3508 763 3556; x_wconf 84' lang='lat' dir='ltr'><strong>sunt</strong></span> <span class='ocrx_word' id='word_1_313' title='bbox 782 3501 967 3570; x_wconf 77' lang='lat' dir='ltr'><strong>exspectanda.</strong></span> <span class='ocrx_word' id='word_1_314' title='bbox 1008 3502 1049 3554; x_wconf 80' lang='lat' dir='ltr'><strong>Ita</strong></span> <span class='ocrx_word' id='word_1_315' title='bbox 1068 3506 1141 3557; x_wconf 86' lang='lat' dir='ltr'><strong>enim</strong></span> <span class='ocrx_word' id='word_1_316' title='bbox 1159 3519 1283 3574; x_wconf 84' lang='lat' dir='ltr'><strong>persevc-</strong></span> 
     </span>
     <span class='ocr_line' id='line_1_37' title="bbox 210 3569 1283 3647; baseline 0 -24"><span class='ocrx_word' id='word_1_317' title='bbox 210 3569 333 3623; x_wconf 79' lang='lat' dir='ltr'><strong>rantibus</strong></span> <span class='ocrx_word' id='word_1_318' title='bbox 350 3571 442 3637; x_wconf 83' lang='lat' dir='ltr'><strong>vobis‚</strong></span> <span class='ocrx_word' id='word_1_319' title='bbox 469 3578 492 3629; x_wconf 95' lang='lat' dir='ltr'><strong>si</strong></span> <span class='ocrx_word' id='word_1_320' title='bbox 510 3574 621 3647; x_wconf 85' lang='lat' dir='ltr'><strong>quidem</strong></span> <span class='ocrx_word' id='word_1_321' title='bbox 649 3589 728 3646; x_wconf 86' lang='lat' dir='ltr'><strong>quam</strong></span> <span class='ocrx_word' id='word_1_322' title='bbox 751 3573 881 3626; x_wconf 77' lang='lat' dir='ltr'><strong>citissime</strong></span> <span class='ocrx_word' id='word_1_323' title='bbox 907 3572 1080 3637; x_wconf 82' lang='lat' dir='ltr'><strong>advenerint,</strong></span> <span class='ocrx_word' id='word_1_324' title='bbox 1109 3581 1283 3644; x_wconf 73' lang='lat' dir='ltr'><strong>praeparatos</strong></span> 
     </span>
     <span class='ocr_line' id='line_1_38' title="bbox 208 3639 1283 3716; baseline -0.002 -22"><span class='ocrx_word' id='word_1_325' title='bbox 208 3659 255 3694; x_wconf 82' lang='lat' dir='ltr'><strong>vos</strong></span> <span class='ocrx_word' id='word_1_326' title='bbox 275 3639 414 3694; x_wconf 77' lang='lat' dir='ltr'><strong>offendent</strong></span> <span class='ocrx_word' id='word_1_327' title='bbox 429 3645 557 3716; x_wconf 77' lang='lat' dir='ltr'><strong>nullaque</strong></span> <span class='ocrx_word' id='word_1_328' title='bbox 574 3661 648 3698; x_wconf 86' lang='lat' dir='ltr'><strong>mora</strong></span> <span class='ocrx_word' id='word_1_329' title='bbox 672 3643 832 3711; x_wconf 74' lang='lat' dir='ltr'><strong>indigentes.</strong></span> <span class='ocrx_word' id='word_1_330' title='bbox 875 3641 905 3692; x_wconf 91' lang='lat' dir='ltr'><strong>Si</strong></span> <span class='ocrx_word' id='word_1_331' title='bbox 933 3658 997 3694; x_wconf 82' lang='lat' dir='ltr'><strong>vcro</strong></span> <span class='ocrx_word' id='word_1_332' title='bbox 1022 3645 1132 3696; x_wconf 89' lang='lat' dir='ltr'><strong>omnino</strong></span> <span class='ocrx_word' id='word_1_333' title='bbox 1159 3644 1283 3696; x_wconf 76' lang='lat' dir='ltr'><strong>tardare-</strong></span> 
     </span>
     <span class='ocr_line' id='line_1_39' title="bbox 208 3711 1284 3781; baseline -0.001 -17"><span class='ocrx_word' id='word_1_334' title='bbox 208 3713 265 3764; x_wconf 83' lang='lat' dir='ltr'><strong>rint</strong></span> <span class='ocrx_word' id='word_1_335' title='bbox 282 3711 438 3781; x_wconf 81' lang='lat' dir='ltr'><strong>(utrumque</strong></span> <span class='ocrx_word' id='word_1_336' title='bbox 457 3715 528 3766; x_wconf 86' lang='lat' dir='ltr'><strong>eninr</strong></span> <span class='ocrx_word' id='word_1_337' title='bbox 546 3713 690 3780; x_wconf 79' lang='lat' dir='ltr'><strong>dicendum</strong></span> <span class='ocrx_word' id='word_1_338' title='bbox 711 3711 763 3781; x_wconf 85' lang='lat' dir='ltr'><strong>est)</strong></span> <span class='ocrx_word' id='word_1_339' title='bbox 780 3719 883 3766; x_wconf 83' lang='lat' dir='ltr'><strong>vestrae</strong></span> <span class='ocrx_word' id='word_1_340' title='bbox 901 3719 994 3764; x_wconf 78' lang='lat' dir='ltr'><strong>tamen</strong></span> <span class='ocrx_word' id='word_1_341' title='bbox 1015 3729 1058 3764; x_wconf 86' lang='lat' dir='ltr'><strong>res</strong></span> <span class='ocrx_word' id='word_1_342' title='bbox 1077 3713 1106 3764; x_wconf 93' lang='lat' dir='ltr'><strong>in</strong></span> <span class='ocrx_word' id='word_1_343' title='bbox 1125 3719 1184 3766; x_wconf 86' lang='lat' dir='ltr'><strong>tuto</strong></span> <span class='ocrx_word' id='word_1_344' title='bbox 1204 3719 1284 3764; x_wconf 82' lang='lat' dir='ltr'><strong>erunt</strong></span> 
     </span>
     <span class='ocr_line' id='line_1_40' title="bbox 207 3781 1304 3852; baseline -0.002 -18"><span class='ocrx_word' id='word_1_345' title='bbox 207 3783 370 3844; x_wconf 82' lang='lat' dir='ltr'><strong>collocatae,</strong></span> <span class='ocrx_word' id='word_1_346' title='bbox 404 3789 432 3834; x_wconf 89' lang='lat' dir='ltr'><strong>et</strong></span> <span class='ocrx_word' id='word_1_347' title='bbox 456 3799 534 3852; x_wconf 88' lang='lat' dir='ltr'><strong>quam</strong></span> <span class='ocrx_word' id='word_1_348' title='bbox 556 3803 572 3838; x_wconf 89' lang='lat' dir='ltr'>o</span> <span class='ocrx_word' id='word_1_349' title='bbox 592 3787 658 3838; x_wconf 88' lang='lat' dir='ltr'><strong>time</strong></span> <span class='ocrx_word' id='word_1_350' title='bbox 681 3782 758 3836; x_wconf 86' lang='lat' dir='ltr'><strong>vobis</strong></span> <span class='ocrx_word' id='word_1_351' title='bbox 785 3782 953 3836; x_wconf 83' lang='lat' dir='ltr'><strong>consuluisse</strong></span> <span class='ocrx_word' id='word_1_352' title='bbox 975 3781 1161 3834; x_wconf 84' lang='lat' dir='ltr'><strong>videbimini.’&#39;</strong></span> <span class='ocrx_word' id='word_1_353' title='bbox 1205 3782 1304 3834; x_wconf 69' lang='lat' dir='ltr'><strong>Taliv</strong></span> 
     </span>
     <span class='ocr_line' id='line_1_41' title="bbox 206 3851 1283 3924; baseline -0.001 -21"><span class='ocrx_word' id='word_1_354' title='bbox 206 3860 336 3904; x_wconf 78' lang='lat' dir='ltr'><strong>manente</strong></span> <span class='ocrx_word' id='word_1_355' title='bbox 359 3851 489 3918; x_wconf 82' lang='lat' dir='ltr'><strong>Narsete,</strong></span> <span class='ocrx_word' id='word_1_356' title='bbox 526 3871 561 3924; x_wconf 87' lang='lat' dir='ltr'><strong>pu</strong></span> <span class='ocrx_word' id='word_1_357' title='bbox 583 3873 614 3908; x_wconf 88' lang='grc' dir='ltr'><strong><em>στ</em></strong></span> <span class='ocrx_word' id='word_1_358' title='bbox 637 3855 791 3906; x_wconf 80' lang='lat' dir='ltr'><strong>universum</strong></span> <span class='ocrx_word' id='word_1_359' title='bbox 816 3853 962 3904; x_wconf 78' lang='lat' dir='ltr'><strong>exercitum</strong></span> <span class='ocrx_word' id='word_1_360' title='bbox 990 3853 1102 3914; x_wconf 85' lang='lat' dir='ltr'><strong>invasit,</strong></span> <span class='ocrx_word' id='word_1_361' title='bbox 1133 3858 1162 3904; x_wconf 84' lang='lat' dir='ltr'><strong>ct</strong></span> <span class='ocrx_word' id='word_1_362' title='bbox 1185 3853 1283 3922; x_wconf 78' lang='lat' dir='ltr'><strong>prioris</strong></span> 
     </span>
     <span class='ocr_line' id='line_1_42' title="bbox 207 3920 1283 3996; baseline 0.001 -24"><span class='ocrx_word' id='word_1_363' title='bbox 207 3923 331 3974; x_wconf 82' lang='lat' dir='ltr'><strong>vesaniae</strong></span> <span class='ocrx_word' id='word_1_364' title='bbox 350 3921 509 3990; x_wconf 81' lang='lat' dir='ltr'><strong>poenitudo.</strong></span> <span class='ocrx_word' id='word_1_365' title='bbox 545 3925 641 3996; x_wconf 83' lang='lat' dir='ltr'><strong>&#39;Atque</strong></span> <span class='ocrx_word' id='word_1_366' title='bbox 664 3923 693 3976; x_wconf 88' lang='lat' dir='ltr'><strong>hi</strong></span> <span class='ocrx_word' id='word_1_367' title='bbox 717 3920 827 3994; x_wconf 82' lang='lat' dir='ltr'><strong>quidem</strong></span> <span class='ocrx_word' id='word_1_368' title='bbox 848 3923 1012 3994; x_wconf 74' lang='lat' dir='ltr'><strong>negligentia</strong></span> <span class='ocrx_word' id='word_1_369' title='bbox 1036 3921 1214 3991; x_wconf 80' lang='lat' dir='ltr'><strong>vecordisque</strong></span> <span class='ocrx_word' id='word_1_370' title='bbox 1231 3922 1283 3973; x_wconf 88' lang='lat' dir='ltr'><strong>ab·</strong></span> 
     </span>
     <span class='ocr_line' id='line_1_43' title="bbox 207 3990 716 4061; baseline 0.008 -21"><span class='ocrx_word' id='word_1_371' title='bbox 207 3993 277 4044; x_wconf 83' lang='lat' dir='ltr'><strong>lecta</strong></span> <span class='ocrx_word' id='word_1_372' title='bbox 293 3990 327 4044; x_wconf 87' lang='lat' dir='ltr'><strong>ad</strong></span> <span class='ocrx_word' id='word_1_373' title='bbox 345 3993 447 4061; x_wconf 85' lang='lat' dir='ltr'><strong>patrios</strong></span> <span class='ocrx_word' id='word_1_374' title='bbox 465 4009 552 4046; x_wconf 79' lang='lat' dir='ltr'><strong>mores</strong></span> <span class='ocrx_word' id='word_1_375' title='bbox 571 3997 716 4048; x_wconf 81' lang='lat' dir='ltr'><strong>redierunt.</strong></span> 
     </span>
    </p>

    <p class='ocr_par' dir='ltr' id='par_1_5' title="bbox 208 4060 1284 4200">
     <span class='ocr_line' id='line_1_44' title="bbox 279 4060 1284 4136; baseline -0.003 -23"><span class='ocrx_word' id='word_1_376' title='bbox 279 4065 319 4116; x_wconf 78' lang='lat'><strong>13.</strong></span> <span class='ocrx_word' id='word_1_377' title='bbox 355 4064 444 4115; x_wconf 76' lang='lat' dir='ltr'><strong>Pontio</strong></span> <span class='ocrx_word' id='word_1_378' title='bbox 463 4081 526 4116; x_wconf 83' lang='lat' dir='ltr'><strong>vcro</strong></span> <span class='ocrx_word' id='word_1_379' title='bbox 543 4066 673 4136; x_wconf 82' lang='lat' dir='ltr'><strong>quaedam</strong></span> <span class='ocrx_word' id='word_1_380' title='bbox 691 4060 851 4123; x_wconf 64' lang='lat' dir='ltr'><strong>Gothorum</strong></span> <span class='ocrx_word' id='word_1_381' title='bbox 870 4061 903 4112; x_wconf 89' lang='lat' dir='ltr'><strong>ad</strong></span> <span class='ocrx_word' id='word_1_382' title='bbox 924 4069 1026 4130; x_wconf 75' lang='lat' dir='ltr'><strong>septem</strong></span> <span class='ocrx_word' id='word_1_383' title='bbox 1044 4060 1204 4114; x_wconf 80' lang='lat' dir='ltr'><strong>isellatnrurn</strong></span> <span class='ocrx_word' id='word_1_384' title='bbox 1221 4061 1284 4113; x_wconf 87' lang='lat' dir='ltr'><strong>mil-</strong></span> 
     </span>
     <span class='ocr_line' id='line_1_45' title="bbox 208 4126 1284 4200; baseline 0.006 -24"><span class='ocrx_word' id='word_1_385' title='bbox 208 4126 263 4189; x_wconf 87' lang='lat' dir='ltr'><strong>lia,</strong></span> <span class='ocrx_word' id='word_1_386' title='bbox 290 4135 335 4200; x_wconf 85' lang='lat' dir='ltr'><strong>qui</strong></span> <span class='ocrx_word' id='word_1_387' title='bbox 356 4133 446 4186; x_wconf 85' lang='lat' dir='ltr'><strong>multis</strong></span> <span class='ocrx_word' id='word_1_388' title='bbox 464 4134 494 4186; x_wconf 89' lang='lat' dir='ltr'><strong>in</strong></span> <span class='ocrx_word' id='word_1_389' title='bbox 512 4135 578 4186; x_wconf 88' lang='lat' dir='ltr'><strong>locis</strong></span> <span class='ocrx_word' id='word_1_390' title='bbox 598 4136 706 4186; x_wconf 78' lang='lat' dir='ltr'><strong>Francis</strong></span> <span class='ocrx_word' id='word_1_391' title='bbox 725 4131 825 4185; x_wconf 83' lang='lat' dir='ltr'><strong>auxilio</strong></span> <span class='ocrx_word' id='word_1_392' title='bbox 845 4131 966 4192; x_wconf 82' lang='lat' dir='ltr'><strong>lucrant,</strong></span> <span class='ocrx_word' id='word_1_393' title='bbox 993 4149 1052 4182; x_wconf 89' lang='lat' dir='ltr'><strong>cum</strong></span> <span class='ocrx_word' id='word_1_394' title='bbox 1071 4146 1159 4182; x_wconf 81' lang='lat' dir='ltr'><strong>secum</strong></span> <span class='ocrx_word' id='word_1_395' title='bbox 1176 4137 1284 4200; x_wconf 79' lang='lat' dir='ltr'><strong>reputa-</strong></span> 
     </span>
    </p>
   </div>
   <div class='ocr_carea' id='block_1_5' title="bbox 209 4197 1338 4277">
    <p class='ocr_par' dir='ltr' id='par_1_6' title="bbox 209 4197 1338 4277">
     <span class='ocr_line' id='line_1_46' title="bbox 209 4197 1338 4277; baseline 0.002 -25"><span class='ocrx_word' id='word_1_396' title='bbox 209 4205 272 4252; x_wconf 75' lang='lat' dir='ltr'><strong>rent</strong></span> <span class='ocrx_word' id='word_1_397' title='bbox 285 4201 417 4264; x_wconf 66' lang='lat' dir='ltr'><strong>Romanus</strong></span> <span class='ocrx_word' id='word_1_398' title='bbox 437 4221 493 4260; x_wconf 85' lang='lat' dir='ltr'><strong>uon</strong></span> <span class='ocrx_word' id='word_1_399' title='bbox 514 4207 716 4277; x_wconf 69' lang='lat' dir='ltr'><strong>conquisiturus,</strong></span> <span class='ocrx_word' id='word_1_400' title='bbox 739 4201 859 4264; x_wconf 75' lang='lat' dir='ltr'><strong>sednon</strong></span> <span class='ocrx_word' id='word_1_401' title='bbox 879 4201 965 4257; x_wconf 87' lang='lat' dir='ltr'><strong>multo</strong></span> <span class='ocrx_word' id='word_1_402' title='bbox 987 4210 1050 4268; x_wconf 89' lang='lat' dir='ltr'><strong>post</strong></span> <span class='ocrx_word' id='word_1_403' title='bbox 1066 4201 1147 4260; x_wconf 84' lang='lat' dir='ltr'><strong>etiam</strong></span> <span class='ocrx_word' id='word_1_404' title='bbox 1164 4201 1194 4254; x_wconf 86' lang='lat' dir='ltr'><strong>iu</strong></span> <span class='ocrx_word' id='word_1_405' title='bbox 1211 4203 1284 4272; x_wconf 83' lang='lat' dir='ltr'><strong>ipsos</strong></span> <span class='ocrx_word' id='word_1_406' title='bbox 1333 4197 1338 4207; x_wconf 83' lang='lat'><em>&#39;</em></span> 
     </span>
    </p>
   </div>
   <div class='ocr_carea' id='block_1_6' title="bbox 0 0 1586 4920">
    <p class='ocr_par' dir='ltr' id='par_1_7' title="bbox 0 0 1586 4920">
     <span class='ocr_line' id='line_1_47' title="bbox 0 0 1586 4920; baseline 0 0"><span class='ocrx_word' id='word_1_407' title='bbox 0 0 1586 4920; x_wconf 95' lang='lat' dir='ltr'><strong> </strong></span> 
     </span>
    </p>
   </div>
  </div>
 </body>
</html>
