3162 4956
322 327 390 387 xvi
785 316 879 390 vni

322 477 496 563 essequod
515 477 667 544 historias
681 497 759 564 opas
778 479 819 542 ad
840 482 935 543 tinem
955 501 1017 543 non
1037 481 1078 544 s‘it
1092 483 1297 566 perductam,
1319 486 1390 552 Me·

326 579 449 642 oauder
464 577 589 658 innuit,
619 579 851 642 orationensus
871 601 984 664 parom
1000 581 1129 665 quidem
1146 593 1216 666 apta
1235 585 1302 664 ²³),
1332 587 1389 648 sed

319 699 434 766 pravae
448 677 704 761 interpretationi
720 676 851 740 minime
865 679 1020 740 obnoxias
1042 681 1137 743 modo
1155 682 1390 746 meminerimus

319 776 467 841 Chosrois
484 785 617 838 mortem
627 776 739 860 viginti
753 776 822 839 lere
839 777 931 839 sonis
946 779 1209 861 postllunnorurn
1221 781 1391 844 adtentum

243 949 246 958 ι
321 875 354 937 in
367 874 546 950 Thraciam,
567 875 624 936 ubi
637 874 744 959 quinti
759 875 835 938 iibri
851 877 988 938 narratio
996 875 1203 960 abrumpitur,
1225 879 1389 946 accidisse.

320 975 416 1037 Aooe
427 973 500 1056 quis
511 973 593 1034 forte
605 973 781 1058 suspicetur
789 974 828 1034 ad
846 974 1026 1038 molestiora
1040 973 1165 1059 negotia
1181 977 1333 1055 delatum,
1345 987 1389 1040 at·

320 1093 385 1156 quo
395 1073 439 1132 ita
449 1071 607 1155 otioquod
622 1073 772 1135 historiae
787 1072 972 1136 scribendae
982 1075 1138 1138 tribueret
1148 1074 1390 1158 privatumesse,

320 1171 356 1233 in
372 1171 485 1234 eodem
498 1170 582 1232 ritae
593 1191 711 1254 genere
723 1172 930 1255 permanaisse
946 1173 997 1237 rel
1012 1173 1202 1258 cognomine
1217 1179 1296 1238 teste
1308 1195 1391 1234 som·
1456 1217 1457 1224 κ
1571 1159 1572 1176 ’

319 1277 444 1354 pertum
455 1277 511 1331 est.
539 1269 612 1348 Quo
631 1291 782 1332 concesso
796 1271 867 1353 quis
883 1271 991 1334 eredat
1006 1275 1074 1336 fieri
1091 1274 1229 1358 potuisse
1244 1281 1280 1335 ut
1293 1293 1391 1356 apon-

320 1377 353 1430 te
373 1368 533 1429 omitteret
559 1375 680 1451 gratum
705 1369 845 1431 laborem
872 1391 889 1430 a
917 1390 983 1454 quo
1011 1373 1097 1433 omni
1122 1373 1154 1432 ri
1177 1381 1271 1454 atque
1293 1371 1391 1432 unice

319 1465 544 1552 persequendo
574 1465 709 1548 negotiis
734 1467 911 1532 forensibus
930 1486 964 1530 se
991 1469 1139 1533 distineri
1155 1471 1304 1554 queritur
1320 1469 1391 1545 litt

320 1587 403 1650 quae
415 1577 519 1627 tamea
535 1567 694 1630 cumulate
712 1567 904 1630 offerrialias
916 1568 1099 1631 laetandum
1110 1568 1170 1631 sibi
1187 1589 1255 1631 esse
1265 1569 1391 1644 fatetur,

236 1703 250 1724 .
321 1685 362 1727 ne
377 1663 487 1747 inopia
502 1672 671 1752 prematur.
692 1665 800 1728 nemo
821 1675 924 1728 tamen
948 1665 1026 1729 hinc
1043 1665 1392 1750 eondludatllgathiam

323 1761 597 1824 annumerandam
614 1783 681 1824 esse
696 1763 881 1828 infelioibus
897 1764 961 1828 illis
982 1763 1050 1848 qni,
1067 1785 1107 1826 ne
1123 1765 1205 1826 fame
1221 1771 1391 1838 vexentur,

321 1883 338 1922 a
356 1860 471 1922 litteris
484 1856 636 1923 reo'edere
653 1863 753 1922 coacti
777 1872 861 1925 sunt.
880 1863 958 1924 Nam
970 1863 1028 1924 illa
1044 1871 1111 1924 erat
1128 1862 1392 1926 scholasticorum

321 1958 470 2022 nondicio
485 1967 521 2020 ut
535 1979 646 2020 eoram
658 1958 785 2022 avaritia
795 1960 917 2046 legibus
926 1969 1008 2024 esset
1021 1960 1266 2046 compescendas
1285 1979 1391 2041 neque

319 2057 490 2121 clientibus
516 2057 654 2120 caruisse
676 2059 841 2122 credemus
863 2059 967 2120 virum
990 2060 1047 2142 qui
1071 2057 1190 2143 insigni
1220 2057 1392 2120 facundiae

320 2155 421 2240 gloria
436 2163 468 2218 et
494 2155 587 2221 virus
607 2167 640 2219 et
662 2166 733 2242 post
751 2166 885 2220 mortem
913 2157 1032 2220 floruit.
1074 2159 1203 2241 ltaque,
1225 2156 1288 2218 nisi
1305 2155 1393 2218 lusus

320 2263 369 2322 est
387 2255 445 2316 ista
456 2253 497 2318 do
514 2274 570 2316 sua
587 2263 670 2318 sorte
689 2257 833 2338 querela,
855 2257 920 2318 illia
931 2257 1147 2320 accensendus
1166 2255 1227 2318 erit
1242 2253 1393 2338 Agathias

317 2355 387 2438 qui,
400 2354 460 2416 nisi
475 2351 647 2416 admodum
662 2352 864 2416 lauter'irero
878 2355 1013 2438 aliisque
1023 2355 1130 2436 largiri
1147 2362 1290 2438 possunt,
1300 2369 1394 2434 egere

319 2451 379 2515 sibi
400 2449 558 2512 videntur.
594 2452 687 2530 Quae
709 2451 839 2534 quidem
856 2452 967 2536 opinio
984 2452 1208 2535 epigrammate
1223 2452 1394 2512 confirma-

319 2559 373 2611 tur
386 2567 452 2633 quo
471 2549 539 2628 ille,
560 2559 651 2632 pater
669 2549 780 2636 oppidi
802 2549 916 2627 dietus,
938 2550 972 2608 in
999 2547 1174 2630 municipio
1197 2567 1253 2606 sao
1273 2547 1391 2621 locum,

320 2653 414 2708 antea
436 2644 603 2710 obscoenis
631 2647 841 2710 immunditiis
867 2648 999 2710 foedum
1027 2613 1123 2728 alque
1158 2641 1388 2717 detestabilem,

321 2765 494 2830 purgasse,
515 2755 610 2827 atque
628 2747 767 2829 eleganti
784 2746 949 2824 aedilicio,
972 2745 1079 2806 nescio
1100 2763 1177 2834 spuo,
1192 2759 1321 2804 ornasse
1339 2739 1391 2802 di·

320 2845 405 2908 oitur
420 2843 476 2924 ²⁵).
516 2842 589 2905 Atia
606 2845 737 2908 fortasse
757 2854 919 2929 praeterea
939 2843 1064 2927 pietatis
1084 2841 1188 2903 officia
1206 2839 1238 2902 in
1258 2840 1392 2922 patriam

322 2943 478 3007 eontulits
500 2963 583 3024 quae
601 2963 666 3006 noo
681 2944 788 3008 minus
807 2952 938 3028 propter
953 2939 1036 3002 bano
1051 2939 1199 3002 virtutem
1211 2958 1305 3020 quam
1321 2936 1390 2998 alo-

321 3041 471 3126 quentiae
489 3061 602 3122 eausa,
624 3061 698 3104 eum
720 3065 793 3106 oum
812 3053 902 3126 patre
917 3038 1103 3104 Memnonio
1120 3047 1152 3101 et
1169 3039 1267 3100 fratrs
1292 3043 1392 3098 statua

312 3141 447 3201 ornarit
461 3137 525 3220 ²⁶)=
546 3142 638 3206 ouius
653 3141 795 3219 honoris,
807 3160 907 3224 quam
927 3138 1005 3200 olim
1021 3135 1133 3198 luisset
1150 3133 1392 3220 vulgatissimus,
1452 3136 1465 3160 ·“

322 3240 380 3302 ilio
391 3247 543 3322 tempore,
558 3241 591 3300 in
605 3243 745 3325 privatos
754 3239 872 3317 collati,
884 3237 938 3302 rix
952 3235 1039 3299 aliud
1048 3242 1191 3321 superest
1200 3233 1390 3316 exemplum.

402 3337 520 3400 Mansit
538 3350 644 3403 antem
664 3341 733 3404 viro
753 3339 882 3403 laudato
900 3337 994 3398 etiam
1014 3345 1086 3421 post
1103 3335 1200 3396 ianus
1216 3332 1327 3395 eadem
1345 3329 1393 3390 ia-

320 3437 419 3522 signis
438 3438 522 3498 fama
541 3439 762 3522 eloquentiae:
785 3437 827 3500 ad
849 3443 944 3519 quam
958 3434 1163 3499 referendam
1179 3451 1247 3494 esse
1265 3429 1394 3492 ridetur

321 3539 410 3622 quod
427 3539 613 3617 Menander,
631 3538 687 3622 qui
705 3539 773 3602 eius
792 3535 956 3600 historiam
978 3530 1197 3610 continuarit,
1225 3528 1393 3590 infantiam

322 3658 411 3702 suam
432 3646 497 3698 tam
514 3636 721 3724 vehementer
744 3643 882 3701 excusat.
930 3639 1041 3717 Itaque
1055 3649 1165 3714 quum,
1193 3627 1312 3690 renatis
1333 3621 1392 3686 suls

321 3735 532 3800 Basilidarum
559 3736 692 3820 imperio
719 3736 851 3815 litteris,
887 3734 1022 3797 eandem
1051 3728 1181 3791 laudem
1206 3730 1393 3810 appeterent

322 3834 431 3918 pusilli
456 3833 576 3916 ingenii
599 3833 763 3915 homines,
791 3831 959 3917 Agatbiam
980 3827 1170 3890 imitandum
1185 3825 1244 3888 sibi
1262 3820 1393 3905 sumpsit

321 3935 387 3997 beo
403 3931 576 4010 Diaconus,
599 3941 636 3996 ut
652 3933 763 3998 lisoius
779 3956 809 4003 r.
828 3931 877 3996 ill.
895 3928 1065 3994 indicarit:
1095 3926 1148 3991 oui
1163 3923 1251 4009 quod
1266 3923 1394 4008 placue-

357 4063 403 4134 23)
418 4063 451 4118 V.
470 4067 627 4120 testimonia
648 4087 655 4118 :
674 4061 714 4134 oio
738 4062 810 4133 ›idpr
827 4061 969 4132 ἄρξασθαι
978 4057 1049 4132 μετὰ
1063 4051 1114 4126 τὴν
1128 4053 1285 4125 dnoptmosv
1307 4049 1395 4122 Ἀγη-

392 4137 469 4184 dioa.
539 4135 584 4208 od)
601 4137 671 4196 llist.
727 4155 778 4195 .r.
793 4153 820 4208 p.
847 4136 902 4190 1³8.
972 4131 1017 4202 25)
1033 4123 1171 4204 Epigr·7²·
1242 4123 1289 4196 ᾖ)
1306 4123 1398 4194 ΕΡῘΕΒ

391 4203 539 4263 nicaeam.
1226 4206 1229 4216 '
