3162 4956
444 841 483 914 B.
531 840 907 918 VULCANII
949 843 1331 922 Ealsuona

449 1337 744 1392 annueramus
776 1337 1177 1407 auunculumque
1207 1341 1328 1393 tutte

604 1473 1174 1627 ORDINIBUS

387 1685 788 1752 aoaatunlaa
836 1689 904 1752 aa
951 1691 1393 1777 wasrrnrsraa,

602 1834 792 1888 DOMINIS
829 1835 1168 1888 Poanurtesltus.

799 1977 971 1993 ὴ

353 2077 456 2184 Cum
475 2109 669 2198 verieevaint
685 2118 766 2174 artce
785 2131 823 2174 ac
847 2111 1023 2192 scientiae,
1053 2112 1197 2176 eccietati
1216 2115 1342 2200 generia
1366 2111 1434 2182 hu.

350 2219 437 2282 mani
456 2218 677 2284 conducibilae
697 2239 734 2280 ac
757 2218 973 2299 necessariae,
998 2219 1145 2284 Illuetrca
1168 2221 1436 2310 Ampliaaimique

351 2319 444 2399 Viri,
479 2320 647 2382 maximam
674 2317 819 2402 proiectu
844 2313 976 2382 laudem
999 2329 1163 2383 mereatur
1189 2320 1211 2383 ii
1235 2322 1291 2405 qui
1315 2325 1355 2388 ed
1379 2313 1448 2389 ου’

350 2419 577 2504 perdieccudee
608 2427 641 2482 et
675 2418 716 2482 ad
742 2417 905 2505 publicam
935 2417 1107 2484 utilitatem
1144 2423 1438 2487 accommodandae

351 2539 448 2580 amne
476 2539 571 2580 enum
599 2517 741 2580 etudinm
765 2528 863 2600 atque
887 2539 1016 2600 operam
1045 2519 1227 2584 conterunt.
1278 2519 1441 2586 Proxima

351 2621 399 2676 eet
419 2633 532 2676 eurum
557 2615 628 2675 leue
652 2633 790 2696 quornm
815 2611 906 2674 labar
930 2611 1033 2673 omnia
1061 2623 1157 2692 atqua
1178 2612 1335 2677 induetrie
1359 2639 1442 2682 ear.

349 2719 440 2774 eatur
458 2710 492 2771 in
513 2708 633 2789 lingnia
647 2707 900 2792 authorihueque
918 2707 1036 2792 quibua
1053 2707 1128 2771 illae
1149 2710 1234 2795 ipeae
1254 2723 1337 2776 artae
1359 2727 1442 2784 eunt

351 2817 507 2874 tractatae
536 2807 694 2890 nobisque
716 2807 851 2870 traditae
877 2807 1066 2871 excolendis
1091 2816 1187 2892 atque
1220 2809 1441 2900 illuetrandia,

276 2973 278 2978 ,
352 2911 475 2994 quique
493 2907 547 2972 rel
569 2916 696 2974 veterae
717 2905 890 2992 ecriptoree
914 2908 1055 2972 Graecae
1079 2929 1097 2971 e
1119 2908 1184 2974 ritu
1211 2919 1243 2976 et
1267 2915 1442 2994 equatlore

352 3017 474 3072 eruunt
494 3015 528 3070 et
554 3005 588 3069 iu
613 3005 721 3070 lacem
744 3007 930 3091 proferunt,
960 3007 1012 3068 vel
1030 3007 1093 3070 iem
1115 3018 1208 3070 antea
1228 3010 1352 3093 editoe,
1381 3015 1441 3078 aad

352 3107 499 3175 analech
521 3106 659 3178 inductie
679 3106 904 3189 interpretibus
922 3105 1065 3188 habitae,
1099 3109 1278 3192 refiugnnt,
1306 3121 1342 3172 et
1367 3114 1443 3197 pri-

353 3207 439 3272 etina
458 3227 580 3292 auoque
600 3205 699 3269 nitnri
719 3205 957 3289 integritatique
975 3205 1156 3274 reetitaunt.
1191 3209 1285 3288 Quod
1300 3211 1445 3294 qnidam

352 3305 496 3369 etudium
517 3301 643 3368 tametei
661 3303 703 3367 ab
722 3303 870 3389 exiguam
886 3325 970 3388 quae
992 3305 1069 3367 inde
1089 3305 1219 3390 affulget
1240 3306 1326 3370 lucri
1346 3331 1446 3394 epam

352 3425 531 3492 perpaucae
557 3403 656 3467 hodie
675 3402 771 3468 hahet
790 3412 963 3468 metaturae
980 3403 1140 3488 (plerique
1165 3405 1252 3466 enim
1271 3425 1328 3469 eae
1354 3419 1446 3476 artae

354 3513 535 3586 sequuntur
561 3525 579 3570 a
602 3503 719 3586 quibua
738 3501 841 3566 facilia
862 3511 911 3566 eet
937 3501 977 3564 ad
999 3522 1075 3585 opee
1099 3502 1285 3566 ethonore·
1311 3513 1446 3590 carane)

353 3600 433 3664 mibi
447 3610 572 3682 umen,
601 3601 657 3685 qai
672 3601 851 3664 etadiornm
870 3601 1056 3684 dignitatem
1073 3622 1137 3662 non
1154 3599 1280 3684 privato
1299 3617 1448 3688 quaeatu

352 3701 410 3764 eed
431 3701 558 3785 publice
575 3701 713 3764 utilitate
735 3699 842 3763 metiri
864 3699 972 3779 euleu,
1004 3699 1137 3763 mirifice
1159 3721 1285 3785 eemper
1304 3705 1448 3786 placuit.

353 3800 531 3864 Utilitatem
552 3821 629 3863 rare
652 3821 748 3882 quam
766 3799 831 3864 hac
852 3799 951 3863 atudii
969 3819 1069 3880 geuue
1083 3821 1191 3862 eecnm
1217 3797 1319 3862 trahit
1340 3803 1448 3890 longe

353 3902 523 3966 maximam
541 3897 613 3982 quie
636 3899 768 3962 obeecrn
788 3897 929 3961 eetadeo
951 3898 1041 3962 rudia
1062 3899 1144 3960 utin
1167 3899 1304 3962 dubium
1325 3909 1448 3971 vocati

354 4003 387 4064 Si
408 3999 497 4062 enim
518 3997 582 4063 huc
605 3999 640 4062 in
660 3999 807 4062 ennianae
829 4006 878 4062 eet
895 4017 936 4060 cx
954 4007 1099 4061 veteram
1116 4001 1314 4062 Graecarum
1338 4001 1450 4067 fonti.

353 4084 413 4162 bue
437 4097 616 4162 dnetciuam
640 4118 769 4160 omnam
797 4116 865 4159 eeee
892 4095 1118 4170 hauriendam
1154 4095 1229 4179 quie
1255 4115 1326 4160 nou
1353 4102 1452 4176 videt

355 4196 467 4296 quanti
488 4195 614 4270 intereit
632 4205 668 4270 ut
690 4195 741 4264 itti
760 4195 820 4294 inei
837 4197 943 4270 iuuiee
961 4195 1036 4288 puri
1058 4205 1154 4292 etque
1171 4195 1292 4268 illinet
1310 4219 1449 4284 caueam
